Retailer,Category,Sub-Category,Domain,URL,Colors,Size,Product Hierarchy,Brand Name,Product Name,SKU,UPC,ID,Walmart Item #,Regular Price,Promo Price,Prime Price,Promo Tag,Each Price,Product Description,Product Details,Product Specification,Images,# of Images,Marketplace/3rd party seller,Nutrition Information,Lifestyle/Dietary Need,Delivery,Total Product Star Rating,Total # of Ratings,Total Recommendation Percentage,Total Number of Q&A
Walmart Canada,Frozen,Pizzas,walmart.ca,https://www.walmart.ca/en/ip/dr-oetker-ristorante-pizza-spinaci/6000001851513,,390 g,Walmart.ca > Grocery > Frozen Food > Frozen Pizza,Dr.Oetker,Dr. Oetker Ristorante Pizza Spinaci,SKU:10260206,UPC:5833617000,ID:6000001851513,Walmart Item #:9129477,$4.98,,,,$1.28/100GR,"This unique pizza is layered with savoury leaves of spinach, edam cheese and mozzarella cheese, perfected by a hearty garlic sauce.",,"[{""Product Type"":""Vegetarian""},{""Storage Type"":""Frozen""},{""Clearout Deal"":""No""},{""Lifestyle\/Dietary Need"":""No egg,No fish,No sesame,No shellfish,No sulfite,Vegetarian-friendly""}]",https://i5.walmartimages.ca/images/Enlarge/108/879/108879.jpg,1,Sold by Walmart,"Crust ENRICHED WHEAT FLOUR, WATER, SOYA OIL, YEAST, SALT, SUGAR Sauce TOMATO PUREE, WATER, CANOLA OIL, SALT, SUGAR, MODIFIED CORN STARCH, SOYA OIL, MODIFIED PALM OIL, GARLIC POWDER, HYDROLYZED CORN PROTEIN, DEXTROSE, MONO AND DIGLYCERIDES, SPICES, CARAMEL COLOUR Toppings SPINACH Cheeses EDAM AND MOZZARELLA CHEESE (MILK, BACTERIAL CULTURE, SALT, MICROBIAL ENZYME, CALCIUM CHLORIDE) Contains: Wheat, Milk","No egg,No fish,No sesame,No shellfish,No sulfite,Vegetarian-friendly",Add to Cart; Find in Store,4.7,6,,
Walmart Canada,Frozen,Meatless Alternatives,walmart.ca,https://www.walmart.ca/en/ip/janes-pub-style-breaded-chicken-cutlette-strips/6000199788885,,700g,"Walmart.ca > Grocery > Frozen Food > Frozen Meat, Seafood & Alternatives > Frozen Chicken & Turkey",Janes,Janes Pub Style Breaded Chicken Cutlette Strips,SKU:6000199788886,UPC:6929912689,ID:6000199788885,Walmart Item #:31670679,$8.97,,,,$1.28/100GR,"Janes Pub Style Chicken Strips are the absolute favourite of parents and kids alike and are found in freezers all across the country. And it is no wonder, since Janes Pub Style Chicken Strips are crunchy on the outside and made with white meat on the inside, and contain no preservatives, artificial flavours or colours.  Janes Pub Style Chicken Strips are the perfect add-on to sandwich wraps, salads and pasta dinners so you are ready for every day and family dinners that are sure to please even the pickiest eaters, so protect your plate from wandering hands.","• Made with White Meat
• No Preservatives
• No artificial flavours or colours
• Zero Trans Fat
• Low in Saturated Fat
• Fully Cooked","[{""Product Type"":""Other""},{""Cut"":""Strips""},{""Singleserve"":""No""},{""Storage Type"":""Frozen""},{""Clearout Deal"":""No""},{""Lifestyle\/Dietary Need"":""N\/A""}]",https://i5.walmartimages.ca/images/Enlarge/512/524/6000200512524.jpg | https://i5.walmartimages.ca/images/Enlarge/512/523/6000200512523.jpg | https://i5.walmartimages.ca/images/Enlarge/620/757/6000200620757.jpg | https://i5.walmartimages.ca/images/Enlarge/564/674/6000203564674.jpg,4,Sold by Walmart,"Chicken Breast, Water, Toasted wheat crumbs, Canola oil, Whole grain wheat flour, Wheat flour, Modified corn starch, Soy protein isolate, Rice startch, Salt, Pea fibre, Sugar, Baking powder, Spices, Spice extracts, Natural flavour. May contain Egg.",N/A,Add to Cart; Find in Store,3.2,13,,
Walmart Canada,Frozen,Meatless Alternatives,walmart.ca,https://www.walmart.ca/en/ip/fontaine-sant-extra-firm-plain-tofu/6000201431051,,400 g,"Walmart.ca > Grocery > Meat, Seafood & Alternatives > Tofu & Plant-Based Proteins",Fontaine Santé,Fontaine Santé Extra Firm Plain Tofu,SKU:6000201431052,UPC:77033306000,ID:6000201431051,Walmart Item #:30760929,$2.97,,,,,"Fontaine Santé Tofu, Extra Firm Plain is high in protein and made with non-GMO soybeans. Infuse this versatile tofu with your favourite flavors for a healthy addition to your savory recipes. Enjoy this tofu baked, pan-fried, stir-fried or deep-fried. So many health-conscious and delicious possibilities await with Fontaine Santé Tofu.",,"[{""Storage Type"":""Refrigerate""},{""Clearout Deal"":""No""},{""Lifestyle\/Dietary Need"":""""}]",https://i5.walmartimages.ca/images/Enlarge/784/385/6000201784385.jpg | https://i5.walmartimages.ca/images/Enlarge/784/384/6000201784384.jpg | https://i5.walmartimages.ca/images/Enlarge/784/384/6000201784384.jpg,3,Sold by Walmart,"Non-GMO soybeans, Water, Magnesium chloride. Contains: Soy.",,Add to Cart; Find in Store,3.6,5,,
Walmart Canada,Drinks,Soft Drinks/Sodas,walmart.ca,https://www.walmart.ca/en/ip/coca-cola-355ml-cans-12-pack/6000016955730,,12 x 355 mL,Walmart.ca > Grocery > Drinks > Soft Drinks > Cola,Coca-Cola,"Coca-Cola 355mL Cans, 12 Pack",SKU:206873,"UPC:6700010483"",""6700000854"",""6700010422",ID:6000016955730,Walmart Item #:9210738,$5.47,,,,$0.13/100ML,"Soda. Pop. Soft drink. Sparkling beverage. Carbonated drink.

Whatever you call it, nothing compares to the refreshing, crisp taste of Coca-Cola, the delicious soda you know and love. Enjoy with friends, on the go or with a meal. Whatever the occasion, wherever you are, Coca-Cola makes life’s special moments a little bit better.

Since 1886, its great taste has stood the test of time. Something so delicious, so unique and so familiar, it’s what makes you think “Coca-Cola” whenever you hear “soft drink.” Between that perfect taste and refreshing fizz, it’s sure to give you that “ahhh” moment whenever you want it. 

Looking for something zero sugar? Then look no further than Coca-Cola Zero Sugar. Whatever you’re looking for in a soda, there’s a Coca-Cola to satisfy your taste buds.
 
Every sip, every “ahhh,” every smile—find that feeling with Coca-Cola. Best enjoyed ice-cold for maximum refreshment. Grab a Coca-Cola, take a sip and find your “ahhh” moment.

Enjoy Coca-Cola","12 cans of Coca-Cola — the refreshing, crisp taste you know and love
Great taste since 1886
34 mg caffeine in each 355 mL serving
355 mL in each can
This carbonated beverage is best enjoyed ice-cold for maximum refreshment","[{""Flavour"":""Cola""},{""Singleserve"":""No""},{""Storage Type"":""Refrigerate""},{""Clearout Deal"":""No""},{""Lifestyle\/Dietary Need"":""No egg,No fish,No milk,No mustard,No sesame,No shellfish,No soy,No sulfite,No wheat,No lactose,Kosher,Vegan-friendly,Vegetarian-friendly""}]",https://i5.walmartimages.ca/images/Enlarge/155/463/155463.jpg | https://i5.walmartimages.ca/images/Enlarge/546/3_1/155463_1.jpg | https://i5.walmartimages.ca/images/Enlarge/094/207/6000199094207.jpg | https://i5.walmartimages.ca/images/Enlarge/114/472/6000200114472.jpg | https://i5.walmartimages.ca/images/Enlarge/114/463/6000200114463.jpg | https://i5.walmartimages.ca/images/Enlarge/114/485/6000200114485.jpg | https://i5.walmartimages.ca/images/Enlarge/192/698/6000200192698.jpg | https://i5.walmartimages.ca/images/Enlarge/192/721/6000200192721.jpg | https://i5.walmartimages.ca/images/Enlarge/192/661/6000200192661.jpg | https://i5.walmartimages.ca/images/Enlarge/162/368/6000200162368.jpg | https://i5.walmartimages.ca/images/Enlarge/162/368/6000200162368.jpg,11,Sold by Walmart,"CARBONATED WATER, SUGAR/GLUCOSE-FRUCTOSE, CARAMEL COLOUR, PHOSPHORIC ACID, NATURAL FLAVOUR, CAFFEINE.","No egg,No fish,No milk,No mustard,No sesame,No shellfish,No soy,No sulfite,No wheat,No lactose,Kosher,Vegan-friendly,Vegetarian-friendly",Add to Cart; Find in Store,4.2,6,,2
Walmart Canada,Frozen,Pizzas,walmart.ca,https://www.walmart.ca/en/ip/dr-oetker-casa-di-mama-3-meat-pizza/6000001851524,,395 g,Walmart.ca > Grocery > Frozen Food > Frozen Pizza,Dr.Oetker,Dr. Oetker Casa di Mama 3 Meat Pizza,SKU:10260185,UPC:5833617303,ID:6000001851524,Walmart Item #:9138045,$4.98,,,,$1.26/100GR,"Casa Di Mama… Homemade pizza taste just like Mama used to make!
Dr. Oetker Casa Di Mama 3 Meat Pizza is topped with a spiced tomato sauce and deli meats including pepperoni, smoked ham and chunks of Italian sausage. 

Cooking Instructions: 
1. Ensure oven rack is in the middle position. Preheat oven to 450oF (230oC). Keep pizza frozen until ready to bake.
2. Remove pizza from packaging
3. Loosen the baking parchment and lift off together with the pizza from the cardboard
4. Place the pizza with parchment on a dark or non-shiny pizza pan
5. Bake for 14-16 minutes and until cheese is melted and crust is golden brown. 

NOTE: Individual oven cooking times may vary. CAUTION: Pizza will be very hot",Made in Canada,"[{""Product Type"":""Meat""},{""Storage Type"":""Frozen""},{""Clearout Deal"":""No""},{""Lifestyle\/Dietary Need"":""No egg,No fish,No sesame,No shellfish,No sulfite""}]",https://i5.walmartimages.ca/images/Enlarge/108/888/108888.jpg,1,Sold by Walmart,"Crust ENRICHED WHEAT FLOUR, WATER, YEAST, MODIFIED PALM OIL, SALT, SUGAR, BARLEY MALT EXTRACT, MONOCALCIUM PHOSPHATE, BAKING SODA, ACETYLATED TARTARIC ACID ESTERS OF MONO AND DIGLYCERIDES, DICALCIUM PHOSPHATE, GUAR GUM, HYDROGENATED CANOLA OIL, CANOLA OIL, CALCIUM CITRATE, ASCORBIC ACID, PENTOSANASE, AMYLASE Toppings PEPPERONI (PORK, SALT, SPICES, DEXTROSE, WATER, ONION POWDER, SPICE EXTRACTS, GARLIC POWDER, ASCORBIC ACID, SODIUM NITRITE, BACTERIAL CULTURE, SODIUM ASCORBATE, SMOKE), COOKED HAM (PORK, WATER, SALT, DEXTROSE, SODIUM PHOSPHATES, SMOKE FLAVOUR, SODIUM ASCORBATE, NATURAL FLAVOUR, SODIUM NITRITE), ITALIAN SAUSAGE (PORK, WATER, TOASTED BREADCRUMBS, SALT, SPICES, GARLIC POWDER, ONION POWDER, DEXTROSE, SODIUM PHOSPHATES, SPICE EXTRACTS, ASCORBIC ACID, SODIUM ASCORBATE), HERBS Sauce TOMATO PUREE, WATER, SUGAR, OLIVE OIL, SALT, SPICES, MODIFIED CORN STARCH, GARLIC POWDER, SOYA OIL Cheeses EDAM AND MOZZARELLA CHEESE (MILK, BACTERIAL CULTURE, SALT, MICROBIAL ENZYME, CALCIUM CHLORIDE) CONTAINS: WHEAT, BARLEY, MILK /","No egg,No fish,No sesame,No shellfish,No sulfite",Add to Cart; Find in Store,4.3,3,,
Walmart Canada,Drinks,Coffee,walmart.ca,https://www.walmart.ca/en/ip/maxwell-house-original-roast-instant-coffee/6000197175646,,150G,Walmart.ca > Grocery > Drinks > Coffee > Instant Coffee,Maxwell House,Maxwell House Original Roast Instant Coffee,SKU:6000197175647,UPC:6618800469,ID:6000197175646,Walmart Item #:30579498,$4.97,,,,$3.31/100GR,"Signature Blend in an Instant! Enjoy the classic, rich taste of Maxwell House's Signature Blend in an instant with our Original Roast Instant Coffee. This instant brew offers the same premium quality as the original Maxwell House ground coffee, and the same great taste as a traditional medium roast. A good day starts with a good cup of coffee.","• One 150G canister of Maxwell House Original Roast Instant Coffee
• Made with 100% pure ground coffee
• Ready in seconds, just stir into hot water and enjoy
• Maxwell House Coffee: Good to the Last Drop","[{""Product Type"":""Instant""},{""Decaffeinated"":""No""},{""Singleserve"":""No""},{""Storage Type"":""Shelf""},{""Clearout Deal"":""No""},{""Lifestyle\/Dietary Need"":""No egg,No fish,No milk,No mustard,No sesame,No shellfish,No soy,No sulfite,No wheat,No lactose,No artificials,Kosher,No added sugars,Paleo-friendly,Vegan-friendly,Vegetarian-friendly,Whole30-friendly""}]",https://i5.walmartimages.ca/images/Enlarge/929/043/6000198929043.jpg | https://i5.walmartimages.ca/images/Enlarge/200/700/6000202200700.jpg | https://i5.walmartimages.ca/images/Enlarge/200/702/6000202200702.jpg | https://i5.walmartimages.ca/images/Enlarge/200/699/6000202200699.jpg | https://i5.walmartimages.ca/images/Enlarge/200/703/6000202200703.jpg | https://i5.walmartimages.ca/images/Enlarge/200/701/6000202200701.jpg,6,Sold by Walmart,100% PURE COFFEE,"No egg,No fish,No milk,No mustard,No sesame,No shellfish,No soy,No sulfite,No wheat,No lactose,No artificials,Kosher,No added sugars,Paleo-friendly,Vegan-friendly,Vegetarian-friendly,Whole30-friendly",Add to Cart; Find in Store,4.8,20,,6
Walmart Canada,Frozen,Meatless Alternatives,walmart.ca,https://www.walmart.ca/en/ip/yves-bologna/6000196182241,,"156 g, Veggie Bologna","Walmart.ca > Grocery > Meat, Seafood & Alternatives > Tofu & Plant-Based Proteins",Yves,Yves Bologna,SKU:6000196182242,UPC:6082200006,ID:6000196182241,Walmart Item #:30428498,$3.47,,,,$3.47/1EA,"You’ll get all the great taste of bologna in these veggie slices but without the fat, cholesterol, or preservatives. Perfect for sandwiches and great in kids’ lunches!","Meat Alternatives
Kosher
Non-Dairy Options
Vegan
Vegetarian
Low Fat
No Trans Fat
Cholesterol Free
Good Source of Protein
No Artificial Colors and Flavors
Free of Artificial Preservatives
No Peanuts in this Product","[{""Storage Type"":""Refrigerate""},{""Clearout Deal"":""No""},{""Lifestyle\/Dietary Need"":""No egg,No fish,No milk,No sesame,No shellfish,No sulfite,No lactose,No artificials,Kosher,Vegan-friendly,Vegetarian-friendly""}]",https://i5.walmartimages.ca/images/Enlarge/935/459/6000197935459.jpg,1,Sold by Walmart,"Water, soy protein, wheat gluten, canola oil, cane sugar, salt, natural flavours, spices, carrageenan (from seaweed), yeast extract, wheat starch, beetroot powder, potassium chloride, citric acid, vitamin and mineral blend. Contains soy, wheat and mustard.","No egg,No fish,No milk,No sesame,No shellfish,No sulfite,No lactose,No artificials,Kosher,Vegan-friendly,Vegetarian-friendly",Add to Cart; Find in Store,4.5,2,,
Walmart Canada,Frozen,Pizzas,walmart.ca,https://www.walmart.ca/en/ip/delissio-rising-crust-pizza-deluxe/6000196287025,,888 GR,Walmart.ca > Grocery > Frozen Food > Frozen Pizza,Delissio,DELISSIO Rising Crust Pizza Deluxe,SKU:6000196287026,UPC:7192195129,ID:6000196287025,Walmart Item #:30875830,$5.44,,,,$0.61/100GR,"There’s nothing quite like a classic rising crust pizza topped with your favourite ingredients. DELISSIO® Rising Crust Pizza Deluxe (888 g) tops a high-rising, thick crust with Italian sausage, pepperoni, red and green peppers, black olives, and chopped onions – the ultimate blend of all flavours! Whether treating yourself or pleasing a crowd, the soft and fluffy crust with a crispy outside makes every night an irresistible pizza night. Made with high quality ingredients, it’s no wonder DELISSIO® is the Most Trusted Frozen Pizza Brand in Canada*. It’s easy to cook up a delish pizza that tastes just like delivery. It’s not delivery, It’s DELISSIO!® *BrandSpark International inc. 2017/2018","• A classic, thick crust with a fluffy inside, topped with Italian sausage, pepperoni, peppers, black olives, and onions
• Made with only quality ingredients, DELISSIO® is the Most Trusted Frozen Pizza Brand in Canada*
• Quick and easy way to turn any night into a mouth-watering pizza night – perfect for a night in, pleasing the crowd, or a tasty appetizer
• Add your favourite ingredients for your own pizza personalization
• The only door you need to open is your oven. It’s not delivery, it’s DELISSIO!®","[{""Product Type"":""Deluxe""},{""Singleserve"":""No""},{""Storage Type"":""Frozen""},{""Clearout Deal"":""No""},{""Lifestyle\/Dietary Need"":""No egg,No fish,No sesame,No shellfish,No sulfite""}]",https://i5.walmartimages.ca/images/Enlarge/951/290/999999-71921951290.jpg | https://i5.walmartimages.ca/images/Enlarge/595/564/6000199595564.jpg | https://i5.walmartimages.ca/images/Enlarge/595/563/6000199595563.jpg | https://i5.walmartimages.ca/images/Enlarge/595/562/6000199595562.jpg | https://i5.walmartimages.ca/images/Enlarge/780/858/6000203780858.jpg | https://i5.walmartimages.ca/images/Enlarge/780/856/6000203780856.jpg,6,Sold by Walmart,"Crust (wheat flour, water, sugar, corn meal, wheat gluten, soya oil, yeast, salt, modified palm oil, DATEM, baking soda, mineral oil, sunflower lecithin, ascorbic acid, glucoamylase, glucose oxidase, xylanase), Part-skim mozzarella cheese (partly skimmed milk, bacterial culture, salt, microbial enzyme), Sauce (water, tomato paste, soya oil, salt, garlic, spices and herbs), Cooked Italian sausage (pork, water, textured soy protein, salt, sugar, soya oil, pork fat, sodium phosphate, spices, flavour), Red and green peppers, Pepperoni (pork, salt, sugars [dextrose], bacterial culture, pork stock, garlic, sodium nitrite, sodium  ascorbate, citric acid, smoke flavour, flavour, spices [mustard], Onion, Black olive, Salt.","No egg,No fish,No sesame,No shellfish,No sulfite",Add to Cart; Find in Store,3.7,76,,
Walmart Canada,Frozen,Meatless Alternatives,walmart.ca,https://www.walmart.ca/en/ip/field-roast-italian-garlic-fennel-plant-based-sausage/6000199712156,,368 g,"Walmart.ca > Grocery > Meat, Seafood & Alternatives > Tofu & Plant-Based Proteins",n/a,Field Roast Italian Garlic & Fennel Plant-Based Sausage,SKU:6000199712157,UPC:63803161215,ID:6000199712156,Walmart Item #:31656528,$6.97,,,,,"Add a zesty kick to your favourite dishes with Field Roast® Italian Garlic & Fennel Plant-Based Sausage. Made with a flavourful combination of eggplant, onion, and sweet peppers, these meatless Italian sausages are a satisfying, fully cooked protein alternative with 28 grams of protein per serving. Enjoy the versatile meatless sausages on the barbecue, grilled on the stove, or broken up into sauces, stir-fries, and scrambles to bring a tasty Italian flair to your plant-based meals. Since 1997, the Field Roast® brand has crafted plant-based meats and cheeses from grains, fresh-cut vegetables, herbs, and spices, honouring our culinary roots to create authentic sensory experiences people crave.","FULLY COOKED PLANT-BASED SAUSAGES: A satisfying protein alternative for plant-based meals
BOLDLY SEASONED: Made with zesty garlic and fennel
DELICIOUSLY VERSATILE: Enjoy the meatless sausage hot off the grill or stove, or crumbled into sauces and scrambles
CERTIFIED VEGAN AND NON-GMO: Non-GMO Project Verified and Certified Vegan for delicious taste and texture without the guilt
FOR ALL THE FLAVOUR TRAILBLAZERS: Dedicated to crafting bold flavour profiles, Field Roast® brand transforms everyday meals into seriously delicious creations","[{""Storage Type"":""Refrigerate""},{""Clearout Deal"":""No""},{""Lifestyle\/Dietary Need"":""No egg,No fish,No milk,No mustard,No sesame,No shellfish,No soy,No lactose,Vegan-friendly,Vegetarian-friendly""}]",https://i5.walmartimages.ca/images/Enlarge/953/536/6000199953536.jpg,1,Sold by Walmart,"Filtered water, vital wheat gluten,  expeller  pressed safflower oil, eggplant, onions, naturally flavoured yeast extract, red wine (red wine, salt), garlic, barley malt, vegetable protein, onion powder, dried red bell pepper, fennel seed, granulated garlic, sea salt, spices. Vitamins and Minerals: potassium chloride, l-lysine monohydrochloride, niacinamide, reduced iron, zinc oxide, calcium pantothenate, pyridoxine hydrochloride and cyanocobalamin. Contains: wheat.","No egg,No fish,No milk,No mustard,No sesame,No shellfish,No soy,No lactose,Vegan-friendly,Vegetarian-friendly",Add to Cart; Find in Store,3.2,14,,
Walmart Canada,Drinks,Soft Drinks/Sodas,walmart.ca,https://www.walmart.ca/en/ip/coca-cola-222ml-cans-6-pack/6000002759444,,6 x 222 mL,Walmart.ca > Household Supplies & Pantry > Drinks > Soft Drinks > Cola,Coca-Cola,"Coca-Cola 222mL Cans, 6 Pack",SKU:10218495,UPC:6700010983,ID:6000002759444,Walmart Item #:9240000,$2.97,,,,$0.22/100ML,"Soda. Pop. Soft drink. Sparkling beverage. Carbonated drink.

Whatever you call it, nothing compares to the refreshing, crisp taste of Coca-Cola, the delicious soda you know and love. Enjoy with friends, on the go or with a meal. Whatever the occasion, wherever you are, Coca-Cola makes life’s special moments a little bit better.

Since 1886, its great taste has stood the test of time. Something so delicious, so unique and so familiar, it’s what makes you think “Coca-Cola” whenever you hear “soft drink.” Between that perfect taste and refreshing fizz, it’s sure to give you that “ahhh” moment whenever you want it. 

Looking for something zero sugar? Then look no further than Coca-Cola Zero Sugar. Whatever you’re looking for in a soda, there’s a Coca-Cola to satisfy your taste buds.
 
Every sip, every “ahhh,” every smile—find that feeling with Coca-Cola. Best enjoyed ice-cold for maximum refreshment. Grab a Coca-Cola, take a sip and find your “ahhh” moment.

Enjoy Coca-Cola","6 cans of Coca-Cola — the refreshing, crisp taste you know and love
Great taste since 1886
34 mg caffeine in each 355 mL serving
222 mL in each can
This carbonated beverage is best enjoyed ice-cold for maximum refreshment","[{""Flavour"":""Cola""},{""Singleserve"":""No""},{""Storage Type"":""Refrigerate""},{""Clearout Deal"":""No""},{""Lifestyle\/Dietary Need"":""No egg,No fish,No milk,No mustard,No sesame,No shellfish,No soy,No sulfite,No wheat,No lactose,Kosher,Vegan-friendly,Vegetarian-friendly""}]",https://i5.walmartimages.ca/images/Enlarge/750/611/750611.jpg | https://i5.walmartimages.ca/images/Enlarge/061/1_1/750611_1.jpg | https://i5.walmartimages.ca/images/Enlarge/114/549/6000200114549.jpg | https://i5.walmartimages.ca/images/Enlarge/114/562/6000200114562.jpg | https://i5.walmartimages.ca/images/Enlarge/114/513/6000200114513.jpg | https://i5.walmartimages.ca/images/Enlarge/114/468/6000200114468.jpg | https://i5.walmartimages.ca/images/Enlarge/192/597/6000200192597.jpg | https://i5.walmartimages.ca/images/Enlarge/192/747/6000200192747.jpg | https://i5.walmartimages.ca/images/Enlarge/192/645/6000200192645.jpg | https://i5.walmartimages.ca/images/Enlarge/36_/nft/67000109836_NFT.jpg | https://i5.walmartimages.ca/images/Enlarge/36_/nft/67000109836_NFT.jpg,11,Sold by Walmart,"CARBONATED WATER, SUGAR/GLUCOSE-FRUCTOSE, CARAMEL COLOUR, PHOSPHORIC ACID, NATURAL FLAVOUR, CAFFEINE.","No egg,No fish,No milk,No mustard,No sesame,No shellfish,No soy,No sulfite,No wheat,No lactose,Kosher,Vegan-friendly,Vegetarian-friendly",Add to Cart; Find in Store,4.8,4,,1
Walmart Canada,Drinks,Soft Drinks/Sodas,walmart.ca,https://www.walmart.ca/en/ip/coca-cola-710ml-bottles-6-pack/6000099195493,,6 x 710 mL,Walmart.ca > Household Supplies & Pantry > Drinks > Soft Drinks > Cola,Coca-Cola,"Coca-Cola 710mL Bottles, 6 Pack",SKU:10218263,UPC:6700010402,ID:6000099195493,Walmart Item #:9290697,$3.97,,,,$0.09/100ML,"Soda. Pop. Soft drink. Sparkling beverage. Carbonated drink.

Whatever you call it, nothing compares to the refreshing, crisp taste of Coca-Cola, the delicious soda you know and love. Enjoy with friends, on the go or with a meal. Whatever the occasion, wherever you are, Coca-Cola makes life’s special moments a little bit better.

Since 1886, its great taste has stood the test of time. Something so delicious, so unique and so familiar, it’s what makes you think “Coca-Cola” whenever you hear “soft drink.” Between that perfect taste and refreshing fizz, it’s sure to give you that “ahhh” moment whenever you want it. 

Looking for something zero sugar? Then look no further than Coca-Cola Zero Sugar. Whatever you’re looking for in a soda, there’s a Coca-Cola to satisfy your taste buds.
 
Every sip, every “ahhh,” every smile—find that feeling with Coca-Cola. Best enjoyed ice-cold for maximum refreshment. Grab a Coca-Cola, take a sip and find your “ahhh” moment.

Enjoy Coca-Cola","6 bottles of Coca-Cola — the refreshing, crisp taste you know and love
Great taste since 1886
34 mg caffeine in each 355 mL serving
710 mL in each bottle
This carbonated beverage is best enjoyed ice-cold for maximum refreshment","[{""Flavour"":""Cola""},{""Singleserve"":""No""},{""Storage Type"":""Refrigerate""},{""Clearout Deal"":""No""},{""Lifestyle\/Dietary Need"":""No egg,No fish,No milk,No mustard,No sesame,No shellfish,No soy,No sulfite,No wheat,No lactose,Kosher,Vegan-friendly,Vegetarian-friendly""}]",https://i5.walmartimages.ca/images/Enlarge/004/910/6000204004910.jpg | https://i5.walmartimages.ca/images/Enlarge/004/912/6000204004912.jpg | https://i5.walmartimages.ca/images/Enlarge/004/914/6000204004914.jpg | https://i5.walmartimages.ca/images/Enlarge/004/916/6000204004916.jpg | https://i5.walmartimages.ca/images/Enlarge/004/917/6000204004917.jpg | https://i5.walmartimages.ca/images/Enlarge/004/918/6000204004918.jpg | https://i5.walmartimages.ca/images/Enlarge/004/920/6000204004920.jpg | https://i5.walmartimages.ca/images/Enlarge/004/923/6000204004923.jpg | https://i5.walmartimages.ca/images/Enlarge/22_/nft/67000104022_NFT.jpg | https://i5.walmartimages.ca/images/Enlarge/22_/nft/67000104022_NFT.jpg,10,Sold by Walmart,"CARBONATED WATER, SUGAR/GLUCOSE-FRUCTOSE, CARAMEL COLOUR, PHOSPHORIC ACID, NATURAL FLAVOUR, CAFFEINE.","No egg,No fish,No milk,No mustard,No sesame,No shellfish,No soy,No sulfite,No wheat,No lactose,Kosher,Vegan-friendly,Vegetarian-friendly",Add to Cart; Find in Store,0,,,1
Walmart Canada,Frozen,Meatless Alternatives,walmart.ca,https://www.walmart.ca/en/ip/janes-pub-style-breaded-chicken-cutlette-nuggets/6000199790149,,700g,"Walmart.ca > Grocery > Frozen Food > Frozen Meat, Seafood & Alternatives > Frozen Chicken & Turkey",Janes,Janes Pub Style Breaded Chicken Cutlette Nuggets,SKU:6000199790150,UPC:6929912690,ID:6000199790149,Walmart Item #:31670680,$8.97,,,,$1.28/100GR,"Feel good about serving your kids their favourite food - Janes Pub Style Chicken Nuggets. You'll love them because they're made with white meat, contain no preservatives, artificial flavours or colours  - kids will love them because they're deliciously dunkable! (Okay, maybe you'll love them for that reason too).  Janes Pub Style Chicken Nuggets are delicious on their own or great for dipping.  A sure fire hit with all the kids - the hardest decision might be deciding on which sauce to dunk them in.  Janes Pub Style Chicken Nuggets are perfect for sharing with friends and family.","• Made with White Meat
• No Preservatives
• No artificial flavours or colours
• Zero Trans Fat
• Low in Saturated Fat
• Fully Cooked","[{""Product Type"":""Other""},{""Cut"":""Nuggets & Bites""},{""Singleserve"":""No""},{""Storage Type"":""Frozen""},{""Clearout Deal"":""No""},{""Lifestyle\/Dietary Need"":""N\/A""}]",https://i5.walmartimages.ca/images/Enlarge/512/728/6000200512728.jpg | https://i5.walmartimages.ca/images/Enlarge/841/807/6000200841807.jpg | https://i5.walmartimages.ca/images/Enlarge/841/811/6000200841811.jpg | https://i5.walmartimages.ca/images/Enlarge/841/831/6000200841831.jpg | https://i5.walmartimages.ca/images/Enlarge/564/830/6000203564830.jpg,5,Sold by Walmart,"Chicken Breast, Water, Toasted wheat crumbs, Canola oil, Whole grain wheat flour, Wheat flour, Modified corn starch, Soy protein isolate, Rice starch, Salt, Pea fibre, Sugar, Baking powder, Spices, Spice extracts, Natural flavour. May contain Egg.",N/A,Add to Cart; Find in Store,3,5,,
Walmart Canada,Drinks,Soft Drinks/Sodas,walmart.ca,https://www.walmart.ca/en/ip/canada-dry-diet-ginger-ale-355-ml-cans-12-pack/6000001848435,,12 x 355 mL,Walmart.ca > Household Supplies & Pantry > Drinks > Soft Drinks > Other Soft Drinks,Canada Dry,"Canada Dry® Diet Ginger Ale 355 mL Cans, 12 Pack",SKU:10281459,UPC:6210000894,ID:6000001848435,Walmart Item #:9204235,$5.47,,,,$0.13/100ML,"Canada Dry Diet Ginger Ale is a genuine Canadian sugar free sparkling favourite with a crisp, clean, light and refreshing taste that is perfect to relax and unwind with.","100% natural flavour, caffeine free, sugar free and zero calories per serving
The  ideal can size for pairing with individual meals or snacks
Can be enjoyed while relaxing alone or share it with family and friends
Best savoured chilled for the ultimate refreshing beverage experience","[{""Flavour"":""Ginger Ale""},{""Singleserve"":""No""},{""Storage Type"":""Refrigerate""},{""Clearout Deal"":""No""},{""Lifestyle\/Dietary Need"":""No egg,No fish,No milk,No mustard,No sesame,No shellfish,No soy,No sulfite,No wheat,No lactose,Kosher,No added sugars,Vegan-friendly,Vegetarian-friendly""}]",https://i5.walmartimages.ca/images/Enlarge/128/654/128654.jpg | https://i5.walmartimages.ca/images/Enlarge/114/507/6000200114507.jpg | https://i5.walmartimages.ca/images/Enlarge/865/4_2/128654_2.jpg | https://i5.walmartimages.ca/images/Enlarge/114/543/6000200114543.jpg | https://i5.walmartimages.ca/images/Enlarge/114/465/6000200114465.jpg | https://i5.walmartimages.ca/images/Enlarge/689/747/6000201689747.jpg | https://i5.walmartimages.ca/images/Enlarge/689/755/6000201689755.jpg | https://i5.walmartimages.ca/images/Enlarge/192/603/6000200192603.jpg | https://i5.walmartimages.ca/images/Enlarge/42_/nft/62100008942_NFT.jpg | https://i5.walmartimages.ca/images/Enlarge/42_/nft/62100008942_NFT.jpg,10,Sold by Walmart,"CARBONATED WATER, CITRIC ACID, SODIUM CITRATE, SODIUM BENZOATE, MALIC ACID,  ASPARTAME (82 mg/  355 mL CONTAINS PHENYLALANINE), NATURAL FLAVOUR, COLOUR, ACESULFAME POTASSIUM (34 mg/ 355 mL), CALCIUM DISODIUM EDTA.","No egg,No fish,No milk,No mustard,No sesame,No shellfish,No soy,No sulfite,No wheat,No lactose,Kosher,No added sugars,Vegan-friendly,Vegetarian-friendly",Add to Cart; Find in Store,5,4,,
Walmart Canada,Drinks,Soft Drinks/Sodas,walmart.ca,https://www.walmart.ca/en/ip/diet-pepsi-cola-710ml-bottles-6-pack/6000093210766,,6x710mL,Walmart.ca > Household Supplies & Pantry > Drinks > Soft Drinks > Diet Cola,Pepsi,"Diet Pepsi Cola, 710mL Bottles, 6 Pack",SKU:10210006,UPC:6900001066,ID:6000093210766,Walmart Item #:9238092,$3.97,,,,$0.09/100ML,"Diet Pepsi® soft drink is a bold, refreshing, robust cola, with zero calories. Perfect for parties, meals and celebrations big and small. The perfect party sidekick - this 6-pack of 710 mL bottles is ideal for sharing with family and friends.","•Crisp, refreshing, great tasting cola with zero calories.
•Perfect for any occasion or celebration.
•6-pack of 710 mL bottles is ideal for sharing with family and friends.
•","[{""Flavour"":""Cola""},{""Singleserve"":""No""},{""Storage Type"":""Shelf""},{""Clearout Deal"":""No""},{""Lifestyle\/Dietary Need"":""No egg,No fish,No milk,No mustard,No sesame,No shellfish,No soy,No sulfite,No wheat,No lactose,Kosher,No added sugars,Vegan-friendly,Vegetarian-friendly""}]",https://i5.walmartimages.ca/images/Enlarge/191/622/191622.jpg | https://i5.walmartimages.ca/images/Enlarge/849/707/6000201849707.jpg | https://i5.walmartimages.ca/images/Enlarge/849/708/6000201849708.jpg | https://i5.walmartimages.ca/images/Enlarge/374/594/6000203374594.jpg | https://i5.walmartimages.ca/images/Enlarge/374/597/6000203374597.jpg | https://i5.walmartimages.ca/images/Enlarge/374/597/6000203374597.jpg,6,Sold by Walmart,"CARBONATED WATER, CARAMEL COLOUR, PHOSPHORIC ACID, ASPARTAME (124 mg/355 mL, CONTAINS PHENYLALANINE), SODIUM BENZOATE, CAFFEINE, NATURAL FLAVOUR, ACESULFAME POTASSIUM (32 mg/355 mL), CITRIC ACID, DIMETHYLPOLYSILOXANE","No egg,No fish,No milk,No mustard,No sesame,No shellfish,No soy,No sulfite,No wheat,No lactose,Kosher,No added sugars,Vegan-friendly,Vegetarian-friendly",Add to Cart; Find in Store,4.6,382,,
Walmart Canada,Frozen,Meatless Alternatives,walmart.ca,https://www.walmart.ca/en/ip/janes-pub-style-breaded-chicken-burgers/6000199788984,,700g,"Walmart.ca > Grocery > Frozen Food > Frozen Meat, Seafood & Alternatives > Frozen Chicken & Turkey",Janes,Janes Pub Style Breaded Chicken Burgers,SKU:6000199788985,UPC:6929912691,ID:6000199788984,Walmart Item #:31670681,$8.97,,,,$1.28/100GR,"Janes Pub Style Chicken Burgers are crispy on the outside and tender and juicy on the inside - perfectly shaped for a burger bun or open-faced waiting to be topped with your favourites.  These Janes Pub Style breaded chicken burgers are fully-cooked and easy to make – place in the oven and bake. Made with white meat, they contain no preservatives, artificial flavours or colours. For families on the go, just add a side vegetable or salad and dinner is on the table in less than 20 minutes. Sure to please the entire family, Janes Pub Style Chicken Burgers are absolutely delicious!","• Made with White Meat
• No Preservatives
• No artificial flavours or colours
• Zero Trans Fat
• Low in Saturated Fat
• Fully Cooked","[{""Product Type"":""Other""},{""Cut"":""Burgers""},{""Singleserve"":""No""},{""Storage Type"":""Frozen""},{""Clearout Deal"":""No""},{""Lifestyle\/Dietary Need"":""N\/A""}]",https://i5.walmartimages.ca/images/Enlarge/512/704/6000200512704.jpg | https://i5.walmartimages.ca/images/Enlarge/512/707/6000200512707.jpg | https://i5.walmartimages.ca/images/Enlarge/620/761/6000200620761.jpg | https://i5.walmartimages.ca/images/Enlarge/564/709/6000203564709.jpg,4,Sold by Walmart,"Chicken Breast, Water, Toasted wheat crumbs, Canola oil, Whole grain wheat flour, Wheat flour, Modified corn starch, Soy protein isolate, Rice startch, Salt, Pea fibre, Sugar, Baking powder, Spices, Spice extracts, Natural flavour. May contain Egg.",N/A,Add to Cart; Find in Store,4.2,5,,2
Walmart Canada,Frozen,Meatless Alternatives,walmart.ca,https://www.walmart.ca/en/ip/lightlife-smart-bacon-vegan-bacon-strips/6000198587535,,142 g,"Walmart.ca > Grocery > Meat, Seafood & Alternatives > Tofu & Plant-Based Proteins",Lightlife,Lightlife Smart Bacon Vegan Bacon Strips,SKU:6000198587536,UPC:4345400041,ID:6000198587535,Walmart Item #:31586704,$3.77,,,,$3.77/1EA,"Crisp and tasty, Lightlife® Smart Bacon® Vegan Bacon Strips are a more responsible way to satisfy your bacon cravings. This plant-based bacon can be enjoyed alongside any of your favourite breakfast dishes, on top of a burger, or in any other meal you might otherwise use traditional bacon. Made with plant-based ingredients, Smart Bacon® vegan breakfast strips are a better-for-you soy meat substitute that you can feel good about serving your family. For over 40 years, the Lightlife® brand has been committed to creating delicious and nutritious plant-based meat alternatives and looking for ways to improve the impact we have on the planet.","PLANT-BASED BACON STRIPS: Smoky bacon flavour made with plant-based ingredients
CERTIFIED VEGAN: Delicious taste and texture without the guilt
VERSATILE: Enjoy the vegan bacon strips alongside breakfast dishes, on burgers and sandwiches, in salads, and more
MADE WITHOUT GMOS: Lightlife® brand foods are Non-GMO Project Verified
DRIVEN BY SUSTAINABILITY: The Lightlife® brand is part of a carbon neutral company","[{""Singleserve"":""No""},{""Storage Type"":""Refrigerate""},{""Clearout Deal"":""No""},{""Lifestyle\/Dietary Need"":""Vegan""}]",https://i5.walmartimages.ca/images/Enlarge/931/424/6000199931424.jpg | https://i5.walmartimages.ca/images/Enlarge/492/570/6000203492570.jpg | https://i5.walmartimages.ca/images/Enlarge/492/576/6000203492576.jpg | https://i5.walmartimages.ca/images/Enlarge/492/566/6000203492566.jpg | https://i5.walmartimages.ca/images/Enlarge/492/566/6000203492566.jpg,5,Sold by Walmart,"water; wheat gluten, soy protein isolate, soy oil, soy protein product, salt, carrageenan, wheat flour, evaporated can sugar, sesame oil, red yeast rice powder, oleoresin paprika, vitamin and mineral blend, natural smoke flavour, autollyzed yeast extract, natural flavours (from vegetable sources)",Vegan,Not Sold;,3.9,7,,
Walmart Canada,Drinks,Coffee,walmart.ca,https://www.walmart.ca/en/ip/coffee-mate-original-powder-14-kg/6000145594312,,1400 GR,Walmart.ca > Household Supplies & Pantry > Drinks > Coffee > Coffee Whiteners,Coffee-Mate,COFFEE-MATE® Original Powder 1.4 kg,SKU:10298250,UPC:5000017394,ID:6000145594312,Walmart Item #:9279553,$8.97,,,,$0.01/1GR,"There’s nothing quite like a deliciously creamy tasting cup of coffee or tea with COFFEE-MATE® Original Powder (1.4 kg). Thanks to this classic COFFEE-MATE® powdered coffee enhancer it’s never been easier to create the perfect cup of velvety goodness any time of day. Plus, COFFEE-MATE® is lactose free. Now with an easy grip handle, COFFEE-MATE® has never been easier to pour. Plus, our new packaging is also recyclable! Fall in love with COFFEE-MATE®’s smooth & rich taste! Whether starting your day or taking a moment to recharge, the rich, creamy taste of COFFEE-MATE® Original is the perfect way to wake up your cup.","• Classic rich and creamy tasting COFFEE-MATE® creates the perfect cup of velvety goodness
• Around one teaspoon will transform your coffee and tea every time – morning, noon or night
• COFFEE-MATE® has been keeping your tea and coffee rich and creamy tasting since 1961
• Lactose free COFFEE-MATE® pairs perfectly with a cup of NESCAFE® instant coffee
• New recyclable package with an easy grip handle makes it even easier to pour","[{""Flavour"":""Unflavoured""},{""Product Type"":""Coffee Creamer""},{""Light"":""No""},{""Singleserve"":""No""},{""Storage Type"":""Shelf""},{""Clearout Deal"":""No""},{""Lifestyle\/Dietary Need"":""No egg,No fish,No mustard,No sesame,No shellfish,No sulfite,No wheat,Vegetarian-friendly""}]",https://i5.walmartimages.ca/images/Enlarge/_81/668/81668.jpg | https://i5.walmartimages.ca/images/Enlarge/542/588/6000202542588.jpg | https://i5.walmartimages.ca/images/Enlarge/542/589/6000202542589.jpg | https://i5.walmartimages.ca/images/Enlarge/542/591/6000202542591.jpg | https://i5.walmartimages.ca/images/Enlarge/542/592/6000202542592.jpg | https://i5.walmartimages.ca/images/Enlarge/542/593/6000202542593.jpg | https://i5.walmartimages.ca/images/Enlarge/542/594/6000202542594.jpg | https://i5.walmartimages.ca/images/Enlarge/45_/nft/50000173945_NFT.jpg | https://i5.walmartimages.ca/images/Enlarge/45_/nft/50000173945_NFT.jpg,9,Sold by Walmart,"GLUCOSE SYRUP, HYDROGENATED VEGETABLE OIL (MAY CONTAIN COCONUT, PALM KERNEL AND/OR SOYBEAN OIL), SODIUM CASEINATE (A MILK DERIVATIVE), DIPOTASSIUM PHOSPHATE, SODIUM ALUMINUM SILICATE, MONOGLYCERIDES, ACETYLATED TARTARIC ACID\nESTERS OF MONO- AND DIGLYCERIDES, ARTIFICIAL FLAVOUR, COLOUR.","No egg,No fish,No mustard,No sesame,No shellfish,No sulfite,No wheat,Vegetarian-friendly",Add to Cart; Find in Store,4.1,97,,2
Walmart Canada,Frozen,Meatless Alternatives,walmart.ca,https://www.walmart.ca/en/ip/yves-veggie-chickn-nuggets/6000200373356,,,"Walmart.ca > Grocery > Meat, Seafood & Alternatives > Tofu & Plant-Based Proteins",Yves,Yves Veggie Chick'n Nuggets,SKU:6000200373357,UPC:6082201000,ID:6000200373356,Walmart Item #:30376393,$4.97,,,,,"Yves Plant Based Veggie Nuggets are a good source of fibre with no artificial colours, flavours, or Preservatives.  Non-GMO project verified, low in saturated fats and made in Canada.
to pick the best and freshest products to meet your expectations. Satisfaction guaranteed* or your money back!
*Terms and conditions apply. See the Online Grocery Help page at Walmart.ca for details.","Source of fibre with no artificial colours, flavours, or Preservatives.  Non-GMO project verified, low in saturated fats and made in Canada.","[{""Singleserve"":""No""},{""Storage Type"":""Refrigerate""},{""Clearout Deal"":""No""},{""Lifestyle\/Dietary Need"":""""}]",https://i5.walmartimages.ca/images/Enlarge/616/608/6000201616608.jpg,1,Sold by Walmart,"Nuggets (water, textured soy protein, canola oil, textured wheat protein, wheat gluten, natural flavours, vinegar,  cellulose gum, soy protein, spices, yeast extract, salt, vitamin and mineral blend), Breading (toasted whole wheat crumbs), Canola oil, Batter (unbleached wheat flour, corn starch, corn flour, sea salt, canola oil, baking powder, guar gum), Vinegar. Contains: Soy, Wheat, Mustard.",,Add to Cart; Find in Store,5,1,,
Walmart Canada,Frozen,Meatless Alternatives,walmart.ca,https://www.walmart.ca/en/ip/great-value-chicken-strips/6000199547544,,800 g,"Walmart.ca > Grocery > Frozen Food > Frozen Meat, Seafood & Alternatives > Frozen Chicken & Turkey",Great Value,Great Value Chicken Strips,SKU:6000199547545,UPC:62891566965,ID:6000199547544,Walmart Item #:30563396,$4.97,,,,$0.62/100GR,"Great Value Chicken Strips are fully cooked, tender strips of chicken made with white meat in a crispy coating.","• Breaded chicken cutlettes
• Fully cooked
• Made with white meat
• Keep frozen
• Made in Canada
• Free from artificial flavours and colours","[{""Product Type"":""Other""},{""Cut"":""Strips""},{""Singleserve"":""No""},{""Storage Type"":""Frozen""},{""Walmart Exclusive"":""Yes""},{""Clearout Deal"":""No""},{""Lifestyle\/Dietary Need"":""""}]",https://i5.walmartimages.ca/images/Enlarge/669/657/628915669657.jpg | https://i5.walmartimages.ca/images/Enlarge/965/7_1/628915669657_1.jpg | https://i5.walmartimages.ca/images/Enlarge/57_/nft/628915669657_NFT.jpg | https://i5.walmartimages.ca/images/Enlarge/57_/nft/628915669657_NFT.jpg,4,Sold by Walmart,"Chicken, water, toasted wheat crumbs with spices, toasted wheat crumbs, modified corn starch, soybean oil, enriched wheat flour, soy protein isolate, yellow corn flour, spices, potassium chloride, salt, wheat gluten, onion powder, baking powder, garlic powder, yeast extract, guar gum, sugar, flavour, vegetable oil (canola and/or sunflower), silicon dioxide. Contains: soy, wheat. May contain: sesame, milk, eggs, fish, mustard, sulphites.",,Add to Cart; Find in Store,2.3,4,,2
Walmart Canada,Frozen,Meatless Alternatives,walmart.ca,https://www.walmart.ca/en/ip/morningstar-farms-harvest-veggie-burger-268g/6000199459911,,"268g, 4 count","Walmart.ca > Grocery > Meat, Seafood & Alternatives > Tofu & Plant-Based Proteins",MorningStar Farms,"Morningstar Farms, Harvest Veggie Burger, 268g",SKU:6000199459912,UPC:6410012888,ID:6000199459911,Walmart Item #:30635189,$4.97,,,,$1.85/100GR,"These Harvest Burgers are filled with good things like mushrooms, water chestnuts, onion, carrots and red bell peppers. Build it up with your favourite toppings!","Per 1 veggie burger (67 g):
• Made with plant based ingredients
• High source of fibre
• Good source of protein (11 g per serving)
• Low saturated fat
• Trans fat free
• No artificial flavours or colours
• Source of 9 essential nutrients
• 5 g of whole grain per 67 g serving
• 110 calories","[{""Cut"":""Burgers""},{""Product Type"":""Other""},{""Storage Type"":""Frozen""},{""Lifestyle\/Dietary Need"":""No fish,No mustard,No sesame,No shellfish,No sulfite,No artificials,Kosher,Vegetarian-friendly""}]",https://i5.walmartimages.ca/images/Enlarge/482/704/6000199482704.jpg | https://i5.walmartimages.ca/images/Enlarge/482/706/6000199482706.jpg | https://i5.walmartimages.ca/images/Enlarge/482/707/6000199482707.jpg | https://i5.walmartimages.ca/images/Enlarge/482/708/6000199482708.jpg,4,Sold by Walmart,"WATER, CARROTS, ONIONS, SOY PROTEIN, DRIED EGG-WHITE, MUSHROOMS, WHOLE GRAIN OATS, WHEAT GLUTEN, WATER CHESTNUTS, VEGETABLE OIL, GREEN PEPPERS, MODIFIED MILK INGREDIENTS, SOY SAUCE (SOYBEANS, SALT, WHEAT), COOKED BROWN RICE (WATER, BROWN RICE), RED BELL PEPPERS, ONION POWDER, CORN STARCH, SUGAR, BLACK OLIVES, SALT, MALTODEXTRIN, SPICES, GARLIC POWDER, JALAPENO PEPPER, XANTHAN GUM, SEA SALT.  CONTAINS SOY, EGG, OAT, WHEAT AND MILK INGREDIENTS.","No fish,No mustard,No sesame,No shellfish,No sulfite,No artificials,Kosher,Vegetarian-friendly",Add to Cart; Find in Store,5,3,,
Walmart Canada,Frozen,Meatless Alternatives,walmart.ca,https://www.walmart.ca/en/ip/yves-veggie-chorizo-ground-sausage/6000202691555,,340 g - Plant Based,"Walmart.ca > Grocery > Meat, Seafood & Alternatives > Tofu & Plant-Based Proteins",Yves,Yves Veggie Chorizo Ground Sausage,SKU:6000202691556,UPC:6082201006,ID:6000202691555,Walmart Item #:30055079,$3.97,,,,,"Our Veggie Chorizo Ground Sausage is loaded with traditional Mexican flavours like warm spices, cinnamon and cloves.  Discover how our versatile blend can spice up your next taco Tuesday night.","Meat alternative,
Good source of protein,
Low in saturated fat and trans fat,
Cholesterol free,
No artificial flavours, colours or preservatives,
Source of fiber,
Non-GMO,
Made with Non-Genetically Engineered Ingredients,
Kosher,
Vegan,
Vegetarian,
Made in Canada","[{""Storage Type"":""Refrigerate""},{""Clearout Deal"":""No""},{""Lifestyle\/Dietary Need"":""""}]",https://i5.walmartimages.ca/images/Enlarge/089/327/6000204089327.jpg | https://i5.walmartimages.ca/images/Enlarge/091/969/6000204091969.jpg,2,Sold by Walmart,"Water, Textured soy protein, Canola oil, Spices, Vinegar, Salt, Wheat starch, Natual flavour, Cane sugar, Guar gum, Yeast extract, Citric acid, Vitamin and mineral blend. Contains: Soy, Wheat, Mustard.",,Not Sold;,0,,,
Walmart Canada,Frozen,Meatless Alternatives,walmart.ca,https://www.walmart.ca/en/ip/sunrise-soya-foods-sunrise-medium-firm-tofu/6000195497491,,454 g,"Walmart.ca > Grocery > Meat, Seafood & Alternatives > Tofu & Plant-Based Proteins",Sunrise Soya Foods,Sunrise Soya Foods Sunrise Medium Firm Tofu,SKU:6000195497492,UPC:5786400001,ID:6000195497491,Walmart Item #:9442480,$1.97,,,,$1.97/1EA,"Sunrise medium firm tofu has a firm, yet smooth consistency and is a good source of calcium and a source of iron. Use it, either mashed or puréed, in salads, soups, dips, sauces, casseroles and cheesecakes.",,"[{""Storage Type"":""Refrigerate""},{""Clearout Deal"":""No""},{""Lifestyle\/Dietary Need"":""No egg,No fish,No milk,No mustard,No sesame,No shellfish,No wheat,No lactose,No artificials,Kosher,No added sugars,Vegan-friendly,Vegetarian-friendly""}]",https://i5.walmartimages.ca/images/Enlarge/000/011/57864000011.jpg | https://i5.walmartimages.ca/images/Enlarge/001/1_9/57864000011_9.jpg | https://i5.walmartimages.ca/images/Enlarge/001/1_9/57864000011_9.jpg,3,Sold by Walmart,"Water, Soybeans (non-GMO), Calcium sulphate, Glucono-delta-lactone. Contains: Soy.","No egg,No fish,No milk,No mustard,No sesame,No shellfish,No wheat,No lactose,No artificials,Kosher,No added sugars,Vegan-friendly,Vegetarian-friendly",Add to Cart; Find in Store,5,1,,1
Walmart Canada,Frozen,Meatless Alternatives,walmart.ca,https://www.walmart.ca/en/ip/great-value-ham-and-cheese-stuffed-breaded-chicken-breast-cutlets/6000196287477,,"7 pieces, 994 g","Walmart.ca > Grocery > Frozen Food > Frozen Meat, Seafood & Alternatives > Frozen Chicken & Turkey",Great Value,Great Value Ham And Cheese Stuffed Breaded Chicken Breast Cutlets,SKU:6000196287478,UPC:62891523219,ID:6000196287477,Walmart Item #:31166472,$9,,,,$0.91/100GR,Great Value Ham and Cheese Stuffed Breaded Chicken Breast Cutlets. Uncooked. Filled with proessed Swiss cheese and smoked ham. Made with white meat.,,"[{""Product Type"":""Chicken Breasts""},{""Cut"":""Other""},{""Storage Type"":""Frozen""},{""Walmart Exclusive"":""Yes""},{""Clearout Deal"":""No""},{""Lifestyle\/Dietary Need"":""No artificials""}]",https://i5.walmartimages.ca/images/Enlarge/161/040/6000204161040.jpg | https://i5.walmartimages.ca/images/Enlarge/219/6_1/628915232196_1.jpg,2,Sold by Walmart,"\""Ingredients:Chicken breast, toasted wheat crumbs with spices, water, processed Swiss cheese (milk, modified milk ingredients, bacterial culture, salt, calcium chloride, microbial enzyme, sodium phosphate, water, potassium sorbate, citric acid), smoked ham, canola oil, soy protein isolate (contains soy lecithin), modified corn starch, enriched wheat flour, yellow corn flour, salt, sea salts, potassium chloride, dextrose, baking powder, soybean oil shortening, defatted soy flour, milk ingredients, spices, dried egg white (contains bakers yeast and citric acid), guar gum, onion powder, garlic powder. \""",No artificials,Add to Cart; Find in Store,4.2,15,,2
Walmart Canada,Frozen,Meatless Alternatives,walmart.ca,https://www.walmart.ca/en/ip/yves-veggie-breaded-chickn-burgers/6000196938501,,"352 g, Veggie Burgers","Walmart.ca > Grocery > Meat, Seafood & Alternatives > Tofu & Plant-Based Proteins",Yves,Yves Veggie Breaded Chick'n Burgers,SKU:6000196938502,UPC:6082240007,ID:6000196938501,Walmart Item #:30177283,$5.27,,,,$1.5/100GR,Crave a meatless burger that tastes like chicken? Check out this burger in the freezer section of your grocery store.,"Kosher
Vegetarian
Source of Energy
Low in saturated fat
No Trans Fat
Cholesterol Free
Source of Fiber
Good Source of Protein
No Artificial Colours and Flavours
Meat Alternatives
GMO Free
Free of Artificial Preservatives
No Peanuts in this Product","[{""Cut"":""Burgers""},{""Product Type"":""Other""},{""Storage Type"":""Frozen""},{""Clearout Deal"":""No""},{""Lifestyle\/Dietary Need"":""No egg,No fish,No milk,No sesame,No shellfish,No sulfite,No lactose,No artificials,Kosher,No added sugars,Vegan-friendly,Vegetarian-friendly""}]",https://i5.walmartimages.ca/images/Enlarge/935/131/6000197935131.jpg,1,Sold by Walmart,"Patty (water, textured soy protein, canola oil, textured wheat protein, wheat gluten, natural flavours, modified cellulose, soy protein, spices, yeast extract, salt, vitamin and mineral blend), breading (toasted wheat crumbs, paprika extract, spices), canola oil, batter (unbleached wheat flour, corn starch, corn flour, sea salt, canola oil, baking powder, guar gum). Contains soy, wheat and mustard.","No egg,No fish,No milk,No sesame,No shellfish,No sulfite,No lactose,No artificials,Kosher,No added sugars,Vegan-friendly,Vegetarian-friendly",Add to Cart; Find in Store,5,6,,1
Walmart Canada,Frozen,Meatless Alternatives,walmart.ca,https://www.walmart.ca/en/ip/lightlife-smart-dogs-vegan-hot-dogs/6000198587860,,340 g,"Walmart.ca > Grocery > Meat, Seafood & Alternatives > Tofu & Plant-Based Proteins",Lightlife,Lightlife Smart Dogs Vegan Hot Dogs,SKU:6000198587861,UPC:4345400037,ID:6000198587860,Walmart Item #:31586708,$3.77,,,,,"Enjoy a plant-based twist on a summertime classic with Lightlife® Smart Dogs® Vegan Hot Dogs. Made with plant-based ingredients, these veggie dogs serve up a delicious taste and texture without the saturated fat and cholesterol found in traditional hot dogs. Enjoy them served in a bun hot off the grill with your favourite condiments and toppings or cook the soy hot dogs on the stove for a quick and tasty protein-packed lunch. For over 40 years, the Lightlife® brand has been committed to creating delicious and nutritious plant-based meat alternatives and looking for ways to improve the impact we have on the planet.","PLANT-BASED VEGAN DOGS: Classic hot dog flavour made with plant-based ingredients
CERTIFIED VEGAN: Delicious hot dog taste and texture without the guilt
GOOD SOURCE OF PROTEIN: 7g of protein per serving
A HEALTHIER ALTERNATIVE: Free of the saturated fat and cholesterol found in traditional hot dogs
DRIVEN BY SUSTAINABILITY: The Lightlife® brand is part of a carbon neutral company","[{""Storage Type"":""Refrigerate""},{""Clearout Deal"":""No""},{""Lifestyle\/Dietary Need"":""Vegan""}]",https://i5.walmartimages.ca/images/Enlarge/934/044/6000199934044.jpg | https://i5.walmartimages.ca/images/Enlarge/492/579/6000203492579.jpg | https://i5.walmartimages.ca/images/Enlarge/492/586/6000203492586.jpg | https://i5.walmartimages.ca/images/Enlarge/492/573/6000203492573.jpg | https://i5.walmartimages.ca/images/Enlarge/492/573/6000203492573.jpg,5,Sold by Walmart,"Water, Soy Protein Isolate, Soy Oil, Evaporated Can Sugar, Pea Protein Isolate, Tapioca Starch, Salt, Potassium Chloride, Dried Garlic, Spice Extract, Fermented Rice Flour, Carrageenan, Natural Flavours (From Place Sources), Yeast Extract, Natural Smoke Flavour, Xanthan Gum, Guar Gum, Vitamin and Mineral Blend",Vegan,Add to Cart; Find in Store,4.4,7,,
Walmart Canada,Frozen,Meatless Alternatives,walmart.ca,https://www.walmart.ca/en/ip/great-value-chicken-burgers/6000199546979,,800 g,"Walmart.ca > Grocery > Frozen Food > Frozen Meat, Seafood & Alternatives > Frozen Chicken & Turkey",Great Value,Great Value Chicken Burgers,SKU:6000199546980,UPC:62891566967,ID:6000199546979,Walmart Item #:30563398,$4.97,,,,$0.62/100GR,"Great Value Chicken burgers are fully cooked, juicy chicken burgers made with white meat in a crispy coating.","• Breaded chicken burgers
• Fully cooked
• Made with white meat
• Keep frozen
• Made in Canada
• Free from artificial flavours and colours","[{""Product Type"":""Other""},{""Cut"":""Burgers""},{""Singleserve"":""No""},{""Storage Type"":""Frozen""},{""Walmart Exclusive"":""Yes""},{""Clearout Deal"":""No""},{""Lifestyle\/Dietary Need"":""""}]",https://i5.walmartimages.ca/images/Enlarge/669/671/628915669671.jpg | https://i5.walmartimages.ca/images/Enlarge/967/1_1/628915669671_1.jpg | https://i5.walmartimages.ca/images/Enlarge/71_/nft/628915669671_NFT.jpg | https://i5.walmartimages.ca/images/Enlarge/71_/nft/628915669671_NFT.jpg,4,Sold by Walmart,"Chicken, water, toasted wheat crumbs with spices, toasted wheat crumbs, modified corn starch, soybean oil, enriched wheat flour, soy protein isolate, yellow corn flour, spices, potassium chloride, salt, wheat gluten, onion powder, baking powder, garlic powder, yeast extract, guar gum, sugar, flavour, vegetable oil (canola and/or sunflower), silicon dioxide. Contains: soy, wheat. May contain: sesame, milk, eggs, fish, mustard, sulphites.",,Add to Cart; Find in Store,3.5,2,,
Walmart Canada,Frozen,Meatless Alternatives,walmart.ca,https://www.walmart.ca/en/ip/yves-veggie-bistro-burgers/6000001801858,,"352 g, Veggie Burgers","Walmart.ca > Grocery > Meat, Seafood & Alternatives > Tofu & Plant-Based Proteins",Yves,Yves Veggie Bistro Burgers,SKU:10161951,UPC:6082200022,ID:6000001801858,Walmart Item #:9123975,$5.27,,,,$1.5/100GR,"Look for this burger in the freezer section of your grocery store. Our special recipe means a juicy, cheesy flavoured taste with every bite!","Meat Alternatives
Kosher
Vegetarian
Source of Energy
No Trans Fat
Cholesterol Free
Source of Fiber
Good Source of Protein
No Artificial Colours and Flavours
Free of Artificial Preservatives
No Peanuts in this Product","[{""Cut"":""Burgers""},{""Product Type"":""Other""},{""Storage Type"":""Frozen""},{""Clearout Deal"":""No""},{""Lifestyle\/Dietary Need"":""No fish,No sesame,No shellfish,No sulfite,No artificials,Kosher,Vegetarian-friendly""}]",https://i5.walmartimages.ca/images/Enlarge/123/052/123052.jpg,1,Sold by Walmart,"Water, textured soy protein, wheat gluten, canola oil, onions, natural flavours, fruit powder (pear, apple, plum), modified cellulose, malt extract, yeast extract, evaporated cane sugar, spices, carrageenan, salt, potassium chloride, magnesium chloride, magnesium sulfates, vitamins and minerals (thiamine hydrochloride, riboflavin, niacinamide, pyridoxine hydrochloride, cyanocobalamin, calcium pantothenate, ferrous fumarate, zinc oxide), rice flour. Contains soy, wheat, mustard and barley. Also not suitable for consumption by persons with an allergy to eggs or milk.","No fish,No sesame,No shellfish,No sulfite,No artificials,Kosher,Vegetarian-friendly",Add to Cart; Find in Store,5,2,,1
Walmart Canada,Frozen,Meatless Alternatives,walmart.ca,https://www.walmart.ca/en/ip/our-finest-shrimp-ring/6000193605326,,454 g,"Walmart.ca > Grocery > Frozen Food > Frozen Meat, Seafood & Alternatives > Frozen Fish & Seafood",Our Finest,Our Finest Shrimp Ring,SKU:6000193605327,UPC:62891516816,ID:6000193605326,Walmart Item #:31014965,$9.97,,,,$2.2/100GR,Shrimp Ring with mild Cocktail Sauce.  Minimum 46 shrimp.  340g Shrimp + 114g Sauce.  Fully cooked shrimp.  Just thaw & serve.,,"[{""Cut"":""Seafood""},{""Product Type"":""Seafood""},{""Storage Type"":""Frozen""},{""Walmart Exclusive"":""Yes""},{""Clearout Deal"":""No""},{""Lifestyle\/Dietary Need"":""""}]",https://i5.walmartimages.ca/images/Enlarge/029/188/6000203029188.jpg | https://i5.walmartimages.ca/images/Enlarge/816/7_1/999999-628915168167_1.jpg,2,Sold by Walmart,"Cooked Shrimp:  Shrimp, sodium tripolyphosphate, salt.  Cocktail Sauce:  Water, tomato paste, prepared horseradish (horseradish, water, vinegar, salt, soybean oil, flavour), sugar, modified tapioca starch, acetic acid, salt, citric acid, xanthan gum, spice extract, carrageenan, flavour, garlic powder, chili powder, onion powder.",,Add to Cart; Find in Store,3.6,7,,1
Walmart Canada,Frozen,Meatless Alternatives,walmart.ca,https://www.walmart.ca/en/ip/gardein-meat-free-mandarin-orange-crispy-chickn/6000195508450,,300 g,"Walmart.ca > Grocery > Meat, Seafood & Alternatives > Tofu & Plant-Based Proteins",Gardein,Gardein Meat-free Mandarin Orange Crispy Chick'n,SKU:6000195508451,UPC:84223400087,ID:6000195508450,Walmart Item #:30441958,$5.27,,,,,"Better than take out, our mandarin chick'n is sure to become your go-to meal! Ready in 8 minutes, serve with rice and veggies and you have a dinner winner - a delicious, nutritious meal the whole family will love!",,"[{""Storage Type"":""Frozen""},{""Product Type"":""Other""},{""Lifestyle and Dietary Claims"":""11""},{""Batteries Included"":""N""},{""Clearout Deal"":""No""},{""Lifestyle\/Dietary Need"":""No egg,No fish,No milk,No sesame,No shellfish,No lactose,Kosher,Vegan-friendly,Vegetarian-friendly""}]",https://i5.walmartimages.com/asr/4709413a-1c6f-4ad7-b131-a806137bb33c.5f3f572c92857a15a03ca3c0effa108b.jpeg?odnHeight=2000&odnWidth=2000&odnBg=ffffff | https://i5.walmartimages.com/asr/68c4a8b4-1559-422c-b4da-d58c425817cc.6cbbc3b9ca7e564d886e07ba542555fc.jpeg?odnHeight=2000&odnWidth=2000&odnBg=ffffff,2,Sold by Walmart,"water, cane sugar, wheat flour, isolated soy protein, canola oil, wheat gluten, soy sauce (water, soybeans, wheat, salt), modified cornstarch, rice flour, white vinegar, methylcellulose, juice concentrate (water, mandarin and tangerine juice concentrate), organic ancient grain flour (kamut, amaranth, millet, quinoa), yeast extract, sugar, cornstarch, dipotassium phosphate, salt, salted sake (wake, rice, salt), potato starch, garlic powder, natural flavours, sea salt, ginger puree, maltodextrin, spices, baking powder, colour, orange peel (orange peel, cane sugar, natural flavor), dextrin, gum arabic, roasted garlic puree (garlic, water), onion powder, pea protein, red chili flakes, carrot powder, sugar beet fibre, magnesium oxide, ferric orthophosphate, niacinamide, zinc oxide, vitamin b12, calcium pantothenate, pyridoxine hydrochloride, thiamine hydrochloride, riboflavin. Contains wheat, soy and barley.","No egg,No fish,No milk,No sesame,No shellfish,No lactose,Kosher,Vegan-friendly,Vegetarian-friendly",Add to Cart; Find in Store,5,1,,
Walmart Canada,Frozen,Meatless Alternatives,walmart.ca,https://www.walmart.ca/en/ip/gardein-chickn-strips-meat-free/6000198333162,,225g,"Walmart.ca > Grocery > Meat, Seafood & Alternatives > Tofu & Plant-Based Proteins",Gardein,Gardein Chick'n Strips Meat Free,SKU:6000198333163,UPC:84223400320,ID:6000198333162,Walmart Item #:30442508,$5.27,,,,,Gardein Meat Free Chick'n Strips.  Ready in 6 minutes!  Made with plant protein.  Good source of protein.  Non GMO product.,,"[{""Storage Type"":""Frozen""},{""Product Type"":""Other""},{""Lifestyle and Dietary Claims"":""11""},{""Batteries Included"":""N""},{""Clearout Deal"":""No""},{""Lifestyle\/Dietary Need"":""No egg,No fish,No milk,No sesame,No shellfish,No lactose,Kosher,Vegan-friendly,Vegetarian-friendly""}]",https://i5.walmartimages.com/asr/78622562-bfc6-4c12-b339-16638ddc177b.e13fbf89d8c7ac1b2d627bddad9d93c3.jpeg?odnHeight=2000&odnWidth=2000&odnBg=ffffff | https://i5.walmartimages.com/asr/18915b45-f83d-456b-a364-6de310b2ab74.3aab63550367e97acad8c63f548417fb.jpeg?odnHeight=2000&odnWidth=2000&odnBg=ffffff,2,Sold by Walmart,"water, soy protein isolate, wheat gluten, canola oil, seasoning, sea salt, methylcellulose, ancient grain flour (khorasan wheat, amaranth, millet, quinoa), dipotassium phosphate, yeast extract, potato starch, distilled vinegar, sea salt, cane sugar, colour, natural flavours, pea protein, vitamins and minerals (tapioca maltodextrin, magnesium oxide, ferric orthophosphate, niacinamide, zinc oxide, vitamin b12, calcium pantothenate, pyridoxine hydrochloride, thaimine hydrochloride, riboflavin, copper gluconate). Contains: soy and wheat.","No egg,No fish,No milk,No sesame,No shellfish,No lactose,Kosher,Vegan-friendly,Vegetarian-friendly",Add to Cart; Find in Store,5,3,,2
Walmart Canada,Frozen,Meatless Alternatives,walmart.ca,https://www.walmart.ca/en/ip/great-value-uncooked-breaded-popcorn-shrimp/6000197208935,,625 g,"Walmart.ca > Grocery > Frozen Food > Frozen Meat, Seafood & Alternatives > Frozen Fish & Seafood",Great Value,Great Value Uncooked Breaded Popcorn Shrimp,SKU:6000197208936,UPC:62891556160,ID:6000197208935,Walmart Item #:31389850,$9,,,,$1.44/100GR,Great Value Breaded Popcorn Shrimp is the perfect appetizer.   Free from artificial flavours and colours.  Satisfaction  Guaranteed.,,"[{""Cut"":""Seafood""},{""Product Type"":""Seafood""},{""Storage Type"":""Frozen""},{""Walmart Exclusive"":""Yes""},{""Clearout Deal"":""No""},{""Lifestyle\/Dietary Need"":""No artificials""}]",https://i5.walmartimages.ca/images/Enlarge/669/681/6000197669681.jpg | https://i5.walmartimages.ca/images/Enlarge/674/479/6000197674479.jpg,2,Sold by Walmart,"Shrimp, enriched wheat flour, soybean oil, water, wheat gluten, palm oil, salt, modified tapioca starch, corn starch, sugar, sodium phosphates, sodium bicarbonate, yeast, sunflower oil. Contains: Crustaceans (shrimp), wheat. May Contain: Tree nuts, sesame, milk, eggs, fish, shellfish, soy, mustard.",No artificials,Add to Cart; Find in Store,3.8,6,,1
Walmart Canada,Frozen,Meatless Alternatives,walmart.ca,https://www.walmart.ca/en/ip/morningstar-farms-mediterranean-chickpea-veggie-burger-268g/6000199459409,,"268g, 4 count","Walmart.ca > Grocery > Meat, Seafood & Alternatives > Tofu & Plant-Based Proteins",MorningStar Farms,"Morningstar Farms, Mediterranean Chickpea Veggie Burger, 268g",SKU:6000199459410,UPC:6410012890,ID:6000199459409,Walmart Item #:30635188,$4.97,,,,$1.85/100GR,"These Mediterranean Chickpea burgers are made with chickpeas, spinach, roma tomatoes and traditional greek herbs and spices. They make for an easy veggie dinner.","Per 1 veggie burger (67 g):
• Made with plant based ingredients
• High source of fibre
• Good source of protein (11 g per serving)
• Low saturated fat
• Trans fat free
• No artificial flavours or colours
• Source of 9 essential nutrients
• 10 g of whole grain per 67 g serving
• 130 calories","[{""Cut"":""Burgers""},{""Product Type"":""Other""},{""Storage Type"":""Frozen""},{""Lifestyle\/Dietary Need"":""No fish,No mustard,No sesame,No shellfish,No artificials,Kosher,Vegetarian-friendly""}]",https://i5.walmartimages.ca/images/Enlarge/482/676/6000199482676.jpg | https://i5.walmartimages.ca/images/Enlarge/482/678/6000199482678.jpg | https://i5.walmartimages.ca/images/Enlarge/482/683/6000199482683.jpg | https://i5.walmartimages.ca/images/Enlarge/482/684/6000199482684.jpg,4,Sold by Walmart,"WATER, COOKED CHICKPEAS, COOKED BROWN RICE (WATER, BROWN RICE), ONIONS, SOY PROTEIN, VEGETABLE OIL, WHOLE GRAIN OATS, SPINACH, DRIED EGG-WHITE, WHEAT GLUTEN, MODIFIED MILK INGREDIENTS, ROMA TOMATOES, DRIED GARLIC, ONION POWDER, CORN STARCH, SUGAR, SOY SAUCE (SOYBEANS, SALT, WHEAT), MALTODEXTRIN, SALT, SPICES, NATURAL FLAVOUR, GARLIC POWDER, YEAST EXTRACT, XANTHAN GUM, JALAPENO PEPPER, DEXTROSE, VINEGAR, LEMON JUICE POWDER. CONTAINS SOY, OAT, EGG, WHEAT AND MILK INGREDIENTS.","No fish,No mustard,No sesame,No shellfish,No artificials,Kosher,Vegetarian-friendly",Add to Cart; Find in Store,4.8,5,,
Walmart Canada,Frozen,Pizzas,walmart.ca,https://www.walmart.ca/en/ip/great-value-thin-and-crispy-4-meat-pizza/6000199207054,,390 g,Walmart.ca > Grocery > Frozen Food > Frozen Pizza,Great Value,Great Value Thin and Crispy 4 Meat Pizza,SKU:6000199207055,UPC:62891582892,ID:6000199207054,Walmart Item #:30747872,$3.27,,,,$327/100GR,"No matter how you slice it, Great Value Thin & Crispy 4 Meat Pizza delivers outstanding flavour and incredible quality in every box. Enjoy every delicious bite of this thin and crispy pizza featuring tomato sauce, mozzarella cheese, Italian sausage, pepperoni, ham and bacon. Pizza night has never been so easy!","• Mozzarella cheese, italian sausage, pepperoni, ham and bacon
• Cook time: 13 minutes
• Made in Canada from domestic and imported ingredients
• Free from artificial flavours and colours","[{""Product Type"":""Meat""},{""Storage Type"":""Frozen""},{""Walmart Exclusive"":""Yes""},{""Lifestyle\/Dietary Need"":""""}]",https://i5.walmartimages.ca/images/Enlarge/794/962/6000199794962.jpg | https://i5.walmartimages.ca/images/Enlarge/892/4_1/628915828924_1.jpg | https://i5.walmartimages.ca/images/Enlarge/24_/nft/628915828924_NFT.jpg,3,Sold by Walmart,"Crust: enriched wheat flour, water, canola oil, yeast, sugar, salt, guar gum. Toppings: mozzarella cheese (part skim milk, modified milk ingredients, bacterial culture, salt, calcium chloride, microbial enzyme), italian sausage crumble (pork, water, textured soy protein concentrate, spices, salt, sugar, garlic powder), pepperoni (pork, salt, pork stock, dextrose, spice extractives, lactic acid starter culture, sodium erythorbate, natural smoke flavour, dehydrated garlic, sodium nitrite, citric acid, smoke), diced ham (pork, water, salt, corn syrup solids, sodium phosphate, spices, sodium erythorbate, sodium nitrite), bacon crumble (pork, salt, sugar, natural hickory smoke flavour, water, sodium phosphate, lemon juice powder [corn syrup, lemon juice solids, flavour], sodium erythorbate, sodium nitrite). Sauce: water, crushed tomatoes, extra virgin olive oil, sugar, salt, garlic powder, vinegar, spice, onion powder.Contains: milk, soy, wheat. May contain: eggs, mustard.",,Add to Cart; Find in Store,4,4,,
Walmart Canada,Frozen,Meatless Alternatives,walmart.ca,https://www.walmart.ca/en/ip/janes-pub-style-popcorn-chicken/6000201932016,,700 g,"Walmart.ca > Grocery > Frozen Food > Frozen Meat, Seafood & Alternatives > Frozen Chicken & Turkey",Janes,Janes Pub Style Popcorn Chicken,SKU:6000201932017,UPC:6929912642,ID:6000201932016,Walmart Item #:30937328,$8.97,,,,,"Jane's Pub Style Popcorn Chicken is a bite-sized snack the family will eat up! Made with juicy white meat, this Popcorn Chicken can be baked in the oven, or reheated in the microwave for a quick snack. Add your favourite dip for a splash of extra flavour, like Ranch or BBQ sauce.","- Fully cooked
- Proud Canadian company
- Made with white meat
- Bite sized
- No preservatives
- 0 trans fat
- Low in saturated fat
- No artificial flavours or colours","[{""Product Type"":""Other""},{""Storage Type"":""Frozen""},{""Clearout Deal"":""No""},{""Lifestyle\/Dietary Need"":""""}]",https://i5.walmartimages.ca/images/Enlarge/479/128/6000202479128.jpg | https://i5.walmartimages.ca/images/Enlarge/429/849/6000202429849.jpg | https://i5.walmartimages.ca/images/Enlarge/429/852/6000202429852.jpg | https://i5.walmartimages.ca/images/Enlarge/479/127/6000202479127.jpg | https://i5.walmartimages.ca/images/Enlarge/479/125/6000202479125.jpg | https://i5.walmartimages.ca/images/Enlarge/479/125/6000202479125.jpg,6,Sold by Walmart,"Chicken breast, Water, Toasted wheat crumbs, Canola oil, Whole grain wheat flour, Wheat flour, Modified corn starch, Soy protein isolate, Rice starch, Salt, Pea fibre, Sugar, Baking powder, Spices, Spice extracts, Natural flavour. May contain: Eggs. Allergens: Wheat, Soy.",,Add to Cart; Find in Store,5,1,,
Walmart Canada,Frozen,Meatless Alternatives,walmart.ca,https://www.walmart.ca/en/ip/gardein-meat-free-seven-grain-crispy-tenders/6000195508344,,255 g,"Walmart.ca > Grocery > Meat, Seafood & Alternatives > Tofu & Plant-Based Proteins",Gardein,Gardein Meat-free Seven Grain Crispy Tenders,SKU:6000195508345,UPC:84223400064,ID:6000195508344,Walmart Item #:30441881,$5.27,,,,,"There’s no guilt with these easy, delicious, and crispy tenders! Juicy chick'n breaded with wholesome grains including quinoa, millet, amaranth, and oats, these tenders are great with dips or sliced on top of your favorite salad. For meat and veggie lovers alike!",,"[{""Storage Type"":""Frozen""},{""Product Type"":""Other""},{""Lifestyle and Dietary Claims"":""11""},{""Batteries Included"":""N""},{""Clearout Deal"":""No""},{""Lifestyle\/Dietary Need"":""No egg,No fish,No milk,No sesame,No shellfish,No lactose,Kosher,Vegan-friendly,Vegetarian-friendly""}]",https://i5.walmartimages.com/asr/1cde36f3-23c7-4b90-a015-6a01372545ee.9a382fa0e872c524c17e007353c6cca0.jpeg?odnHeight=2000&odnWidth=2000&odnBg=ffffff | https://i5.walmartimages.com/asr/f5332b53-96ab-447e-9ce9-e2211c9b9dd9.f4ed26766031a92aae775ed98d438efe.jpeg?odnHeight=2000&odnWidth=2000&odnBg=ffffff,2,Sold by Walmart,"water, wheat flour, isolated soy protein, canola oil, wheat gluten, rice flour, oat bran, oats, methylcellulose, kamut flour, yeast extract, salt, dipotassium phosphate, potato starch, sea salt, natural flavours, sugar, cane sugar, amaranth flour, millet flour, quinoa flour, maltodextrin, soy sauce (water, soybeans, salt), colour, white vinegar, spices, baking powder, dextin, gum arabic, onion powder, garlic powder, soybean oil, yeast, pea protein, carrot powder, sugar beet fibre, magnesium oxide, ferric orthophosphate, niacinamide, zinc oxide, vitamin b12, calcium pantothenate, pyridoxine hydrochloride, thiamine hydrochloride, riboflavin. Contains wheat, oats, soy and barley.","No egg,No fish,No milk,No sesame,No shellfish,No lactose,Kosher,Vegan-friendly,Vegetarian-friendly",Add to Cart; Find in Store,5,4,,1
Walmart Canada,Frozen,Pizzas,walmart.ca,https://www.walmart.ca/en/ip/delissio-stuffed-crust-pepperoni-pizza-660-g/6000199412796,,660 GR,Walmart.ca > Grocery > Frozen Food > Frozen Pizza,Delissio,Delissio Stuffed Crust Pepperoni Pizza 660 g,SKU:6000199412797,UPC:7192164833,ID:6000199412796,Walmart Item #:30309283,$6.44,,,,$644/100GR,"An irresistible pizza, covered in cheese, and stuffed with even more cheese?! That's right, Delissio Stuffed Crust Pepperoni Pizza (660 g) is the ultimate cheese-lover's passion. Our signature golden pizza crust is stuffed full of real, mouth-watering cheeses, then topped with even more cheese, plus irresistible pepperoni slices. Proudly prepared in Canada, each crispy bite unleashes cheesy delight, made with only the highest quality ingredients. Plus, you can customize your pizza by tossing on your own favourite ingredients before baking. The only door you'll need to open for this perfect pizza is the oven. It's not delivery, it's Delissio! *BrandSpark International inc. 2017/2018","• Pizza with a golden crust stuffed with mouth-watering cheese, and topped with classic and irresistible pepperoni slices
• Proudly prepared in Canada, with only the highest quality ingredients for a truly fresh-baked taste
• Delissio is proudly regarded as the Most Trusted Frozen Pizza Brand* in Canada
• It's easy top with your favourite ingredients for creative, customized pizza night
• It's not delivery, it's Delissio!","[{""Singleserve"":""No""},{""Storage Type"":""Frozen""},{""Features"":""\u2022 Pizza with a golden crust stuffed with mouth-watering cheese""},{""Features"":"" and topped with classic and irresistible pepperoni slices<br>\u2022 Proudly prepared in Canada""},{""Features"":"" with only the highest quality ingredients for a truly fresh-baked taste<br>\u2022 Delissio is proudly regarded as the Most Trusted Frozen Pizza Brand* in Canada<br>\u2022 It's easy top with your favourite ingredients for creative""},{""Features"":"" customized pizza night<br>\u2022 It's not delivery""},{""Product Type"":""Pepperoni""},{""Batteries Included"":""N""},{""Clearout Deal"":""No""},{""Lifestyle\/Dietary Need"":""No egg,No fish,No sesame,No shellfish,No sulfite""}]",https://i5.walmartimages.com/asr/123632a6-7e83-417f-81f4-6c9e36b2f7ba.4be2044bff67af13146d03603db3148d.jpeg?odnHeight=2000&odnWidth=2000&odnBg=ffffff | https://i5.walmartimages.com/asr/7bf97809-1402-447d-9515-5db5573a6749.216990767d3a63a302dac69121cc587c.jpeg?odnHeight=2000&odnWidth=2000&odnBg=ffffff | https://i5.walmartimages.com/asr/7133c7df-aa4d-4d88-a32b-9e85bcb40a71.d9751593175b21fecaf0878b4aee8789.jpeg?odnHeight=2000&odnWidth=2000&odnBg=ffffff | https://i5.walmartimages.com/asr/63276115-b4e1-40e3-8512-0734a02479ae.a717d8229a092aec45c4bc4599a948d1.jpeg?odnHeight=2000&odnWidth=2000&odnBg=ffffff | https://i5.walmartimages.com/asr/b189dbd3-1e12-455f-803a-32481627a504.4e581dbffc76ef4a0cb2aae14d0be960.jpeg?odnHeight=2000&odnWidth=2000&odnBg=ffffff | https://i5.walmartimages.com/asr/92a0e4ed-26e7-44ad-978d-96c7dbd5715d.c4e128cacace7028086a44d79eb14e31.jpeg?odnHeight=2000&odnWidth=2000&odnBg=ffffff,6,Sold by Walmart,"Crust (wheat flour, water, part skim pizza mozzarella cheese [modified milk ingredients, bacterial culture, salt, microbial enzyme, calcium chloride, cellulose], canola oil, yeast, toasted wheat crumbs, modified palm oil, flavour, carotene, sugar, salt), Sauce (water, tomato paste, canola oil, salt, sugar, dried garlic, spices), Part skim pizza mozzarella cheese (modified milk ingredients, bacterial culture, salt, calcium chloride, microbial enzyme, cellulose), Pepperoni, Salt. May contain: Soy.","No egg,No fish,No sesame,No shellfish,No sulfite",Add to Cart; Find in Store,3.7,134,,1
Walmart Canada,Frozen,Meatless Alternatives,walmart.ca,https://www.walmart.ca/en/ip/high-liner-fish-sticks-family-pack-700-g/6000191270398,,High Liner Fish Sticks Family Pack 700g,"Walmart.ca > Grocery > Frozen Food > Frozen Meat, Seafood & Alternatives > Frozen Fish & Seafood",High Liner,High Liner Fish Sticks Family Pack 700 G,SKU:6000191270399,UPC:6176302316,ID:6000191270398,Walmart Item #:8303235,$8.47,$5.97,,$Rollback,$0.01/1EA,"Introduce your children to the nutrition and delicious taste of fish with these fun-to-eat, finger-friendly sticks in a crunchy breading.",,"[{""Cut"":""Strips""},{""Product Type"":""Seafood""},{""Storage Type"":""Frozen""},{""Clearout Deal"":""No""},{""Lifestyle\/Dietary Need"":""No egg,No milk,No sesame,No shellfish,No sulfite,No lactose""}]",https://i5.walmartimages.ca/images/Enlarge/sti/cks/999999-61763023163 Fish Sticks.jpg | https://i5.walmartimages.ca/images/Enlarge/259/239/6000203259239.jpg | https://i5.walmartimages.ca/images/Enlarge/259/225/6000203259225.jpg | https://i5.walmartimages.ca/images/Enlarge/259/225/6000203259225.jpg,4,Sold by Walmart,"Minced fish fillets (pollock or haddock), Toasted wheat crumbs, Canola oil, Water, Modified corn starch, Flour (corn, wheat, soy), Corn starch, Sugar (sugar, corn maltodextrin), Salt, Seasonings (spices, garlic, onion, soy sauce powder), Baking powder, Sodium phosphate (to retain moisture), Caramel, Paprika. Contains: Pollock or haddock (fish), Wheat, Soy.","No egg,No milk,No sesame,No shellfish,No sulfite,No lactose",Add to Cart; Find in Store,5,1,,1
Walmart Canada,Frozen,Meatless Alternatives,walmart.ca,https://www.walmart.ca/en/ip/sunrise-soft-tofu/6000195497710,,,"Walmart.ca > Grocery > Meat, Seafood & Alternatives > Tofu & Plant-Based Proteins",Sunrise Soya Foods,Sunrise Soft Tofu,SKU:6000195497711,UPC:5786400003,ID:6000195497710,Walmart Item #:30475462,$1.57,,,,$1.57/1EA,"FRESHNESS GUARANTEED
You want the freshest for your family and so do we. We've trained our Associates
to pick the best and freshest products to meet your expectations. Satisfaction guaranteed* or your money back!
*Terms and conditions apply. See the Online Grocery Help page at Walmart.ca for details.",,"[{""Storage Type"":""Refrigerate""},{""Clearout Deal"":""No""},{""Lifestyle\/Dietary Need"":""No egg,No fish,No milk,No mustard,No sesame,No shellfish,No sulfite,No wheat,No lactose,No artificials,Kosher,No added sugars,Vegan-friendly,Vegetarian-friendly""}]",https://i5.walmartimages.ca/images/Enlarge/944/738/6000199944738.jpg,1,Sold by Walmart,"Water, Soybeans (non-GMO), Glucono-Delta-Lactone, Magnesium Chloride. Contains: Soy.","No egg,No fish,No milk,No mustard,No sesame,No shellfish,No sulfite,No wheat,No lactose,No artificials,Kosher,No added sugars,Vegan-friendly,Vegetarian-friendly",Add to Cart; Find in Store,0,,,
Walmart Canada,Frozen,Meatless Alternatives,walmart.ca,https://www.walmart.ca/en/ip/great-value-raw-pacific-white-shrimp/6000199282748,,454 g,"Walmart.ca > Grocery > Frozen Food > Frozen Meat, Seafood & Alternatives > Frozen Fish & Seafood",Great Value,Great Value Raw Pacific White Shrimp,SKU:6000199282749,UPC:62891582526,ID:6000199282748,Walmart Item #:30030004,$10.97,,,,$2.42/100GR,"Great Value Pacific White Colossal 16-20 Raw Easy Peel Shrimp is deveined, shell on.  Our shrimp is BAP Certified.  Perfect to add to your favourite pasta dish - just boil for 5 minutes, peel and eat.","• Easy peel
• Colossal 16-20 shrimps per lb
• Keep frozen","[{""Cut"":""Seafood""},{""Product Type"":""Seafood""},{""Storage Type"":""Frozen""},{""Walmart Exclusive"":""Yes""},{""Clearout Deal"":""No""},{""Lifestyle\/Dietary Need"":""No artificials,No added sugars,Paleo-friendly,Whole30-friendly""}]",https://i5.walmartimages.ca/images/Enlarge/260/626/6000203260626.jpg | https://i5.walmartimages.ca/images/Enlarge/260/238/6000203260238.jpg | https://i5.walmartimages.ca/images/Enlarge/260/238/6000203260238.jpg,3,Sold by Walmart,Shrimp,"No artificials,No added sugars,Paleo-friendly,Whole30-friendly",Add to Cart; Find in Store,3,2,,
Walmart Canada,Frozen,Meatless Alternatives,walmart.ca,https://www.walmart.ca/en/ip/fontaine-sant-tex-mex-tofu/6000201432443,,400 g,"Walmart.ca > Grocery > Meat, Seafood & Alternatives > Tofu & Plant-Based Proteins",Fontaine Santé,Fontaine Santé Tex Mex Tofu,SKU:6000201432444,UPC:77033306005,ID:6000201432443,Walmart Item #:30751323,$2.97,,,,,"Who''s ready for Taco Tuesday? Marinated and infused with savoury Tex-Mex spices&nbsp;with just the perfect amount of kick, Fontaine Sante non-GMO tofu is a great source of plant-based protein with no added preservatives and is cholesterol free. Bake it, pan fry it or deep fry and enjoy as a healthy meat alternative. Create a homemade Mexican feast with Tex-Mex Tofu fajitas or crumble on top of a plate of spicy nachos.",Vegan/vegetarian,"[{""Storage Type"":""Refrigerate""},{""Clearout Deal"":""No""},{""Lifestyle\/Dietary Need"":""""}]",https://i5.walmartimages.ca/images/Enlarge/390/933/6000202390933.jpg | https://i5.walmartimages.ca/images/Enlarge/390/932/6000202390932.jpg | https://i5.walmartimages.ca/images/Enlarge/390/932/6000202390932.jpg,3,Sold by Walmart,"Non-GMO soybeans, Water, Spices, Brown sugar, Sea salt, Magnesium Chloride. Contains: Soy.",,Add to Cart; Find in Store,0,,,
Walmart Canada,Frozen,Meatless Alternatives,walmart.ca,https://www.walmart.ca/en/ip/deli-express-stuffed-chicken-with-ham-cheese/6000197428460,,568 g,"Walmart.ca > Grocery > Frozen Food > Frozen Meat, Seafood & Alternatives > Frozen Chicken & Turkey",Deli Express,Deli Express Stuffed Chicken with Ham & Cheese,SKU:6000197428461,UPC:6310028477,ID:6000197428460,Walmart Item #:31424730,$7.97,,,,$1.4/100GR,"Enjoy a simple yet delicious dinner with Deli Express® Stuffed Chicken with Ham & Cheese. Made with chicken breast meat, these breaded chicken cutlets are filled with the decadent combination of smoked ham and gooey melted cheese. Great as a convenient frozen meal to keep on hand at home, these stuffed chicken breasts will quickly become a go-to family favourite. For variety, also try our Deli Express® Stuffed Chicken with Broccoli & Cheese. Deli Express® is part of the Maple Leaf Foods family of brands.","FAMILY FAVOURITE: These frozen stuffed chicken breasts with ham and cheese are sure to please
QUALITY CUTS: Only our quality cuts of chicken breast are used to create this breaded chicken cutlet
CLASSIC COMBINATION: Stuffed chicken breast is filled with cheese and smoked ham
GOOD SOURCE OF PROTEIN: Contains 22g of protein per serving
PROUDLY CANADIAN BRAND: Deli Express® is part of the Maple Leaf Foods family of brands","[{""Product Type"":""Other""},{""Cut"":""Other""},{""Storage Type"":""Frozen""},{""Clearout Deal"":""No""},{""Lifestyle\/Dietary Need"":""No egg,No fish,No mustard,No sesame,No shellfish,No sulfite,No artificials,No added sugars""}]",https://i5.walmartimages.ca/images/Enlarge/743/862/6000199743862.jpg | https://i5.walmartimages.ca/images/Enlarge/235/069/6000204235069.jpg | https://i5.walmartimages.ca/images/Enlarge/235/071/6000204235071.jpg,3,Sold by Walmart,"CHICKEN, WATER, TOASTED WHEAT CRUMBS WITH SPICES, PROCESSED SWISS CHEESE [CHEESE (MILK INGREDIENTS, SALT, BACTERIAL CULTURE, CALCIUM CHLORIDE, MICROBIAL ENZYME, PROPIONIC CULTURE), MODIFIED MILK INGREDIENTS, WATER, SODIUM CITRATE, POTASSIUM CITRATE, POTASSIUM PHOSPHATE, SODIUM PHOSPHATE, POTASSIUM SORBATE, SALT, CITRIC ACID], SMOKED HAM, SOY PROTEIN PRODUCT, MODIFIED CORN STARCH, WHEAT FLOUR, CORN FLOUR, WHEAT GLUTEN, SALT, BAKING POWDER, PALM OIL, DEFATTED SOY FLOUR, ONION POWDER, GARLIC POWDER, GUAR GUM, DRIED PARSLEY, SPICE EXTRACT. BROWNED IN VEGETABLE OIL. CONTAINS: MILK, SOY, WHEAT.","No egg,No fish,No mustard,No sesame,No shellfish,No sulfite,No artificials,No added sugars",Add to Cart; Find in Store,4,3,,
Walmart Canada,Frozen,Meatless Alternatives,walmart.ca,https://www.walmart.ca/en/ip/yves-the-good-veggie-burger/6000065101840,,"300 g, Veggie Burgers","Walmart.ca > Grocery > Meat, Seafood & Alternatives > Tofu & Plant-Based Proteins",Yves,Yves The Good Veggie Burger,SKU:10161745,UPC:6082280038,ID:6000065101840,Walmart Item #:9461618,$4.97,,,,$4.97/1EA,"For burger lovers everywhere. Our delicious, authentic tasting Good Veggie Burger provides a nutritious helping of protein without all the cholesterol. Made entirely from soy protein and vegetable sources, this juicy, tender, grill-flavoured burger is ideal for those who want to lay on the fixings and lay off the guilt.","Kosher
Vegan
Vegetarian
Low in saturated fat
No Trans Fat
Source of Fiber
Good Source of Protein
Free of Artificial Preservatives
No Artificial Colors and Flavors","[{""Storage Type"":""Refrigerate""},{""Clearout Deal"":""No""},{""Lifestyle\/Dietary Need"":""No egg,No fish,No milk,No sesame,No shellfish,No sulfite,No lactose,No artificials,Kosher,Vegan-friendly,Vegetarian-friendly""}]",https://i5.walmartimages.ca/images/Enlarge/123/091/123091.jpg,1,Sold by Walmart,"Water, textured soy protein, wheat gluten, onions, canola oil, natural flavours, fruit powder (pear, apple, plum), modified cellulose, malt extract, yeast extract, carrageenan (from seaweed), cane sugar, spices, salt, potassium chloride, magnesium chloride, magnesium sulfates, vitamin and mineral blend. Contains soy, wheat, mustard and barley","No egg,No fish,No milk,No sesame,No shellfish,No sulfite,No lactose,No artificials,Kosher,Vegan-friendly,Vegetarian-friendly",Add to Cart; Find in Store,3.9,8,,1
Walmart Canada,Frozen,Meatless Alternatives,walmart.ca,https://www.walmart.ca/en/ip/black-river-angus-steak/6000061474488,,1.4 kg,"Walmart.ca > Grocery > Frozen Food > Frozen Meat, Seafood & Alternatives > Frozen Beef",Black River Angus,Black River Angus Steak,SKU:10157823,UPC:60538800938,ID:6000061474488,Walmart Item #:30633549,$33.97,,,,$0.02/1GR,Our great Angus beef taste from start to finish. We use only Angus beef aged to perfection. Then we hand-trim and marinate our steaks to ensure extra tenderness. But we leave the finishing touch to you: a bottle of our unique Black Angus steak spice comes in every box. Guarantee of freshness. Each steak is individually vacuum packed and frozen to ensure freshness. Black River Angus means great steak taste.,,"[{""Cut"":""Other""},{""Clearout Deal"":""No""},{""Lifestyle\/Dietary Need"":""""}]",https://i5.walmartimages.ca/images/Enlarge/009/388/999999-605388009388.jpg | https://i5.walmartimages.ca/images/Enlarge/938/8_1/999999-605388009388_1.jpg | https://i5.walmartimages.ca/images/Enlarge/938/8_1/999999-605388009388_1.jpg,3,Sold by Walmart,"Angus Steak: Beef,Water,Salt,Dextrose,Onion,Garlic,Soy Sauce Powder (Wheat,Soybeans,Salt),Maltodextrin,Modified Corn Starch,Flavour,Spices And Spice Extracts,Sodium Diacetate,Lactose (Milk),Papain (Sulphites),Tricalcium Phosphate (Mfg Aid),Polysorbate 80 (Mfg Aid). Angus Steak Spice: Dehydrated Garlic,Spices,Salt,Canola Oil,Citric Acid,Dehydrated Red Bell Pepper",,Add to Cart; Find in Store,3.6,66,,6
Walmart Canada,Frozen,Meatless Alternatives,walmart.ca,https://www.walmart.ca/en/ip/field-roast-smoked-apple-sage-plant-based-sausages/6000199718392,,368 g,"Walmart.ca > Grocery > Meat, Seafood & Alternatives > Tofu & Plant-Based Proteins",Field Roast,Field Roast Smoked Apple & Sage Plant-Based Sausages,SKU:6000199718393,UPC:63803161217,ID:6000199718392,Walmart Item #:31656530,$6.97,,,,,"Savour the rich and complementary smokehouse flavours of Field Roast® Smoked Apple & Sage Plant-Based Sausages. Smoky, sweet, savoury, and fully cooked, these delectable vegan sausages are a satisfying protein alternative with 26 grams of protein per serving. Enjoy the versatile meatless sausages on the barbecue, grilled on the stove, or broken up into sauces, stir-fries, and scrambles to bring a wonderful depth of flavour to your plant-based meals. Since 1997, the Field Roast® brand has crafted plant-based meats and cheeses from grains, fresh-cut vegetables, herbs, and spices, honouring our culinary roots to create authentic sensory experiences people crave.","FULLY COOKED PLANT-BASED SAUSAGES: A satisfying protein alternative for plant-based meals
SWEET, SMOKY, AND SAVOURY: Smoked apple and sage bring a deep, well-balanced flavour profile
DELICIOUSLY VERSATILE: Enjoy the meatless sausage hot off the grill or stove, or crumbled into sauces and scrambles
CERTIFIED VEGAN AND NON-GMO: Non-GMO Project Verified and Certified Vegan for delicious taste and texture without the guilt
FOR ALL THE FLAVOUR TRAILBLAZERS: Dedicated to crafting bold flavour profiles, Field Roast® brand transforms everyday meals into seriously delicious creations","[{""Storage Type"":""Refrigerate""},{""Clearout Deal"":""No""},{""Lifestyle\/Dietary Need"":""No egg,No fish,No milk,No mustard,No sesame,No shellfish,No soy,No sulfite,No lactose,Vegan-friendly,Vegetarian-friendly""}]",https://i5.walmartimages.ca/images/Enlarge/953/595/6000199953595.jpg,1,Sold by Walmart,"Filtered water, vital wheat  gluten, expeller pressed safflower oil, non-sulphured dried apples, Yukon Gold potatoes, naturally flavoured yeast extract, granulated sugar, vegetable protein, onion powder, barley malt, garlic, natural hickory smoke flavour with torula yeast,  spices, sea salt, rubbed sage. Vitamins and Minerals: potassium chloride, l-lysine monohydrochloride, niacinamide, reduced iron, zinc oxide, calcium pantothenate, pyridoxine hydrochloride and cyanocobalamin. Contains: wheat.","No egg,No fish,No milk,No mustard,No sesame,No shellfish,No soy,No sulfite,No lactose,Vegan-friendly,Vegetarian-friendly",Add to Cart; Find in Store,4.1,14,,
Walmart Canada,Frozen,Meatless Alternatives,walmart.ca,https://www.walmart.ca/en/ip/yves-family-pack-veggie-dogs-wieners/6000065101962,,"450 g, Veggie Dogs","Walmart.ca > Grocery > Meat, Seafood & Alternatives > Tofu & Plant-Based Proteins",Yves,Yves Family Pack Veggie Dogs Wieners,SKU:10161637,UPC:6082206031,ID:6000065101962,Walmart Item #:9461695,$4.97,,,,$4.97/1EA,"A special blend of spices give our award-winning Veggie Dogs an authentic, traditional flavour. They taste just like the real thing but without the fat or cholesterol.","Meat Alternatives
Kosher
Non-Dairy Options
Vegan
Vegetarian
Low Fat
No Saturated Fat
No Trans Fat
Cholesterol Free
Good Source of Protein
No Artificial Colors and Flavors
Free of Artificial Preservatives
No Peanuts in this Product","[{""Storage Type"":""Refrigerate""},{""Clearout Deal"":""No""},{""Lifestyle\/Dietary Need"":""No egg,No fish,No milk,No sesame,No shellfish,No sulfite,No lactose,No artificials,Kosher,Vegan-friendly,Vegetarian-friendly""}]",https://i5.walmartimages.ca/images/Enlarge/123/079/123079.jpg,1,Sold by Walmart,"Water, soy protein, wheat gluten, tofu (water, soybeans, magnesium chloride), cane sugar, wheat starch, salt, yeast extract, spices, carrageenan (from seaweed), natural liquid smoke, beetroot powder, potassium chloride, vitamin and mineral blend. Contains soy, wheat and mustard.","No egg,No fish,No milk,No sesame,No shellfish,No sulfite,No lactose,No artificials,Kosher,Vegan-friendly,Vegetarian-friendly",Add to Cart; Find in Store,2.6,14,,
Walmart Canada,Drinks,Soft Drinks/Sodas,walmart.ca,https://www.walmart.ca/en/ip/great-value-ginger-ale/6000152506254,,2 L,Walmart.ca > Grocery > Drinks > Soft Drinks > Other Soft Drinks,Great Value,Great Value Ginger Ale,SKU:10302965,UPC:60538887218,ID:6000152506254,Walmart Item #:9217375,$0.97,,,,$0.05/100ML,Great Value Ginger Ale is fantastically fizzy and full of classic flavour. Simply crack open a bottle and pour over ice for a refreshing drink that’s soda-licious.,"\u003Cp>Ingredients: carbonated water, sugar/ glucose-fructose, citric acid, natural flavour, potassium benzoate, colour.&nbsp;\u003C/p>\u003Cp>Assembled product dimensions: L 17.50 inches x W 9.00 inches x H 12.00 inches x W 37.10 pounds\u003C/p>","[{""Assembled Weight"":""37.1 lb""},{""Assembled Height"":""12 in""},{""Assembled Width"":""9 in""},{""Assembled Length"":""17.5 in""},{""Flavour"":""Ginger Ale""},{""Singleserve"":""No""},{""Walmart Exclusive"":""Yes""},{""Clearout Deal"":""No""},{""Lifestyle\/Dietary Need"":""Kosher,Vegan-friendly,Vegetarian-friendly""}]",https://i5.walmartimages.ca/images/Enlarge/872/180/605388872180.jpg | https://i5.walmartimages.ca/images/Enlarge/80_/nft/605388872180_NFT.jpg | https://i5.walmartimages.ca/images/Enlarge/80_/nft/605388872180_NFT.jpg,3,Sold by Walmart,,"Kosher,Vegan-friendly,Vegetarian-friendly",Add to Cart; Find in Store,4,4,,
Walmart Canada,Drinks,Soft Drinks/Sodas,walmart.ca,https://www.walmart.ca/en/ip/canada-dry-ginger-ale-500-ml-bottle/6000196223988,,500mL,Walmart.ca > Grocery > Drinks > Soft Drinks > Other Soft Drinks,Canada Dry,Canada Dry® Ginger Ale 500 mL Bottle,SKU:6000196223989,UPC:6210000000,ID:6000196223988,Walmart Item #:31097334,$1.98,,,,$0.4/100ML,"Canada Dry Ginger Ale is a genuine Canadian sparkling favourite with a crisp, clean light and refreshing taste that is perfect to relax and unwind with.","100% natural flavour and caffeine free
A resealable single serve package size. Ideal for pairing with individual meals or snacks.
Can be enjoyed on the go
Best savoured chilled for the ultimate refreshing beverage experience","[{""Flavour"":""Ginger Ale""},{""Singleserve"":""No""},{""Storage Type"":""Refrigerate""},{""Clearout Deal"":""No""},{""Lifestyle\/Dietary Need"":""No egg,No fish,No milk,No mustard,No sesame,No shellfish,No soy,No sulfite,No wheat,No lactose,Kosher,Vegan-friendly,Vegetarian-friendly""}]",https://i5.walmartimages.ca/images/Enlarge/162/063/6000200162063.jpg | https://i5.walmartimages.ca/images/Enlarge/162/327/6000200162327.jpg | https://i5.walmartimages.ca/images/Enlarge/162/352/6000200162352.jpg | https://i5.walmartimages.ca/images/Enlarge/162/379/6000200162379.jpg,4,Sold by Walmart,"CARBONATED WATER, SUGAR/GLUCOSE-FRUCTOSE, CITRIC ACID, SODIUM BENZOATE, COLOUR, NATURAL FLAVOUR.","No egg,No fish,No milk,No mustard,No sesame,No shellfish,No soy,No sulfite,No wheat,No lactose,Kosher,Vegan-friendly,Vegetarian-friendly",Add to Cart; Find in Store,0,,,
Walmart Canada,Drinks,Soft Drinks/Sodas,walmart.ca,https://www.walmart.ca/en/ip/diet-coke-710ml-bottles-6-pack/6000100070814,,6 x 710 mL,Walmart.ca > Household Supplies & Pantry > Drinks > Soft Drinks > Diet Cola,Diet Coke,"Diet Coke 710mL Bottles, 6 Pack",SKU:10219945,UPC:6700010403,ID:6000100070814,Walmart Item #:30397083,$3.97,,,,$0.09/100ML,"Crisp, cold, and reliable, this is the one and only Diet Coke —your everyday wing (wo)man, your deliciously fizzy go-to companion. This is the kind of sugar-free soda that you want throughout your day. Whether you’re looking for a tasty way start to your day, or to refresh your afternoon. You'll never be lost with a Diet Coke.
 
Diet Coke always hits the spot especially during afternoon breaks from work or mid-day get-togethers with friends in the backyard. In fact, it’s basically a friend itself. Because it’s the best kind of familiar, and something you never have to second guess. You trust it, and it’s always there for you whenever you want it. 
   
Diet Coke also comes in a caffeine free option. And if you’re looking to excite your taste buds even more, there’s a host of different flavours to satisfy. Really, it’s just the diet cola you know you can turn to, no matter what you’re looking for. 
 
So when you want a diet soda, think Diet Coke. Because Diet Coke is an original, just like you. Oh yeah, and it’s incredibly refreshing. Always.","Diet Coke is a delicious, crisp, sparkling diet cola that’s fizzing delicious
No Calories, sugar-free
Diet Coke, Because I Can
45 mg of caffeine per 355 mL serving
710 mL per bottle of diet soda","[{""Flavour"":""Cola""},{""Singleserve"":""No""},{""Storage Type"":""Refrigerate""},{""Clearout Deal"":""No""},{""Lifestyle\/Dietary Need"":""No egg,No fish,No milk,No mustard,No sesame,No shellfish,No soy,No sulfite,No wheat,No lactose,Kosher,No added sugars,Vegan-friendly,Vegetarian-friendly""}]",https://i5.walmartimages.ca/images/Enlarge/155/454/155454.jpg | https://i5.walmartimages.ca/images/Enlarge/545/4_1/155454_1.jpg | https://i5.walmartimages.ca/images/Enlarge/545/4_2/155454_2.jpg | https://i5.walmartimages.ca/images/Enlarge/114/574/6000200114574.jpg | https://i5.walmartimages.ca/images/Enlarge/114/530/6000200114530.jpg | https://i5.walmartimages.ca/images/Enlarge/114/464/6000200114464.jpg | https://i5.walmartimages.ca/images/Enlarge/192/655/6000200192655.jpg | https://i5.walmartimages.ca/images/Enlarge/192/621/6000200192621.jpg | https://i5.walmartimages.ca/images/Enlarge/192/667/6000200192667.jpg | https://i5.walmartimages.ca/images/Enlarge/39_/nft/67000104039_NFT.jpg | https://i5.walmartimages.ca/images/Enlarge/39_/nft/67000104039_NFT.jpg,11,Sold by Walmart,"CARBONATED WATER, CARAMEL COLOUR, PHOSPHORIQUE AND CITRIC ACID, ASPARTAME (CONTAINS PHENYLALANINE), FLAVOUR, SODIUM BENZOATE, CAFFEINE, ACESULFAME-POTASSIUM.","No egg,No fish,No milk,No mustard,No sesame,No shellfish,No soy,No sulfite,No wheat,No lactose,Kosher,No added sugars,Vegan-friendly,Vegetarian-friendly",Add to Cart; Find in Store,3,1,,1
Walmart Canada,Drinks,Soft Drinks/Sodas,walmart.ca,https://www.walmart.ca/en/ip/diet-pepsi-cola-1l-bottle/6000144415072,,1L,Walmart.ca > Household Supplies & Pantry > Drinks > Soft Drinks > Cola,Pepsi,"Diet Pepsi Cola, 1L Bottle",SKU:10296840,UPC:6900001063,ID:6000144415072,Walmart Item #:30060773,$1,,,,$100/100ML,"Diet Pepsi® soft drink is a bold, refreshing, robust cola, with zero calories. Perfect for parties, meals and celebrations big and small. This 1 L bottle is ideal for sharing with family and friends.","•Pepsi® cola 1 L bottle
•Bold, refreshing, great tasting cola.
•Perfect for any occasion or celebration
•1L bottle is ideal for sharing with family and friends.","[{""Singleserve"":""No""},{""Storage Type"":""Shelf""},{""Clearout Deal"":""No""},{""Lifestyle\/Dietary Need"":""No egg,No fish,No milk,No mustard,No sesame,No shellfish,No soy,No sulfite,No wheat,No lactose,Kosher,No added sugars,Vegan-friendly,Vegetarian-friendly""}]",https://i5.walmartimages.ca/images/Enlarge/470/196/6000203470196.jpg | https://i5.walmartimages.ca/images/Enlarge/470/209/6000203470209.jpg | https://i5.walmartimages.ca/images/Enlarge/374/585/6000203374585.jpg | https://i5.walmartimages.ca/images/Enlarge/374/589/6000203374589.jpg | https://i5.walmartimages.ca/images/Enlarge/374/589/6000203374589.jpg,5,Sold by Walmart,"CARBONATED WATER, CARAMEL COLOUR, PHOSPHORIC ACID, ASPARTAME (124 mg/355 mL, CONTAINS PHENYLALANINE), SODIUM BENZOATE, CAFFEINE, NATURAL FLAVOUR, ACESULFAME POTASSIUM (32 mg/355 mL), CITRIC ACID, DIMETHYLPOLYSILOXANE.","No egg,No fish,No milk,No mustard,No sesame,No shellfish,No soy,No sulfite,No wheat,No lactose,Kosher,No added sugars,Vegan-friendly,Vegetarian-friendly",Not Sold;,4.5,21,,
Walmart Canada,Drinks,Coffee,walmart.ca,https://www.walmart.ca/en/ip/coffee-mate-original-powder-450-g/6000187074429,,450 GR,Walmart.ca > Household Supplies & Pantry > Drinks > Coffee > Coffee Whiteners,Coffee-Mate,COFFEE-MATE® Original Powder 450 g,SKU:6000187074430,UPC:5000036158,ID:6000187074429,Walmart Item #:9279637,$4.97,,,,$1.1/100GR,"There’s nothing quite like a deliciously creamy tasting cup of coffee or tea with COFFEE-MATE® Original Powder (450 g). Thanks to this classic COFFEE-MATE® powdered coffee enhancer it’s never been easier to create the perfect cup of velvety goodness any time of day. Plus, COFFEE-MATE® is lactose free. Fall in love with COFFEE-MATE®’s smooth & rich taste! Whether starting your day or taking a moment to recharge, the rich, creamy taste of COFFEE-MATE® Original is the perfect way to wake up your cup.","• Classic rich and creamy tasting COFFEE-MATE® creates the perfect cup of velvety goodness
• Around one teaspoon will transform your coffee and tea every time – morning, noon or night
• COFFEE-MATE® has been keeping your tea and coffee rich and creamy tasting since 1961
• Lactose free COFFEE-MATE® pairs perfectly with a cup of NESCAFE® instant coffee
• Easily recyclable, simply dispose of label then recycle container and cap","[{""Product Type"":""Coffee Creamer""},{""Light"":""No""},{""Singleserve"":""No""},{""Storage Type"":""Shelf""},{""Clearout Deal"":""No""},{""Lifestyle\/Dietary Need"":""No egg,No fish,No mustard,No sesame,No shellfish,No sulfite,No wheat,Vegetarian-friendly""}]",https://i5.walmartimages.ca/images/Enlarge/541/894/6000190541894.jpg | https://i5.walmartimages.ca/images/Enlarge/567/053/6000199567053.jpg | https://i5.walmartimages.ca/images/Enlarge/567/064/6000199567064.jpg | https://i5.walmartimages.ca/images/Enlarge/567/063/6000199567063.jpg | https://i5.walmartimages.ca/images/Enlarge/927/652/6000203927652.jpg | https://i5.walmartimages.ca/images/Enlarge/567/055/6000199567055.jpg | https://i5.walmartimages.ca/images/Enlarge/927/651/6000203927651.jpg | https://i5.walmartimages.ca/images/Enlarge/028/128/6000197028128.jpg | https://i5.walmartimages.ca/images/Enlarge/88_/nft/50000361588_NFT.jpg | https://i5.walmartimages.ca/images/Enlarge/88_/nft/50000361588_NFT.jpg,10,Sold by Walmart,"GLUCOSE SYRUP, HYDROGENATED VEGETABLE OIL (MAY CONTAIN\nCOCONUT, PALM KERNEL AND/OR SOYBEAN OIL), SODIUM CASEINATE (A MILK DERIVATIVE), DIPOTASSIUM PHOSPHATE, SODIUM ALUMINUM SILICATE, MONOGLYCERIDES, ACETYLATED TARTARIC ACID ESTERS OF MONO- AND\nDIGLYCERIDES, ARTIFICIAL FLAVOUR, COLOUR.","No egg,No fish,No mustard,No sesame,No shellfish,No sulfite,No wheat,Vegetarian-friendly",Add to Cart; Find in Store,5,4,,1
Walmart Canada,Drinks,Coffee,walmart.ca,https://www.walmart.ca/en/ip/nescaf-rich-french-vanilla-instant-coffee-100-g/6000195749780,,100 GR,Walmart.ca > Household Supplies & Pantry > Drinks > Coffee > Instant Coffee,NESCAFÉ,NESCAFÉ® Rich French Vanilla Instant Coffee 100 g,SKU:6000195749781,UPC:5500000882,ID:6000195749780,Walmart Item #:31249990,$5.47,,,,$5.47/100GR,NESCAFÉ® Rich French Vanilla Instant Coffee (100 g) offers two classics combined: The full-bodied NESCAFÉ Rich with the delicious flavour of French vanilla. A great way to kick-start the day.,"• French Vanilla flavoured instant coffee
• 100 g jar
• Makes over 50 cups of coffee
• 10 calories per serving","[{""Product Type"":""Flavoured""},{""Decaffeinated"":""No""},{""Singleserve"":""No""},{""Storage Type"":""Shelf""},{""Clearout Deal"":""No""},{""Lifestyle\/Dietary Need"":""No egg,No fish,No milk,No mustard,No sesame,No shellfish,No soy,No sulfite,No wheat,No lactose,No added sugars,Vegan-friendly,Vegetarian-friendly""}]",https://i5.walmartimages.ca/images/Enlarge/008/822/999999-55000008822.jpg | https://i5.walmartimages.ca/images/Enlarge/882/2_1/999999-55000008822_1.jpg | https://i5.walmartimages.ca/images/Enlarge/882/2_2/999999-55000008822_2.jpg | https://i5.walmartimages.ca/images/Enlarge/926/271/6000203926271.jpg | https://i5.walmartimages.ca/images/Enlarge/926/267/6000203926267.jpg | https://i5.walmartimages.ca/images/Enlarge/882/2_2/999999-55000008822_2.jpg | https://i5.walmartimages.ca/images/Enlarge/882/2_3/999999-55000008822_3.jpg | https://i5.walmartimages.ca/images/Enlarge/882/2_4/999999-55000008822_4.jpg,8,Sold by Walmart,"CHICORY, INSTANT COFFEE, FLAVOUR AND ARTIFICIAL FLAVOUR, ACESULFAME-POTASSIUM (6 mg / 2 g SERVING).","No egg,No fish,No milk,No mustard,No sesame,No shellfish,No soy,No sulfite,No wheat,No lactose,No added sugars,Vegan-friendly,Vegetarian-friendly",Add to Cart; Find in Store,3.8,4,,1
Walmart Canada,Frozen,Meatless Alternatives,walmart.ca,https://www.walmart.ca/en/ip/lightlife-original-organic-tempeh/6000199714395,,227 g,"Walmart.ca > Grocery > Meat, Seafood & Alternatives > Tofu & Plant-Based Proteins",Lightlife,Lightlife Original Organic Tempeh,SKU:6000199714396,UPC:4345400005,ID:6000199714395,Walmart Item #:31656525,$3.97,,,,,"Lightlife® Original Organic Tempeh is a versatile and delicious plant-based protein source for vegans and flexitarians alike. Made with only three ingredients, our tempeh can add a guilt-free protein boost to any meal. However you marinate, season, sauté, or bake it, our original tempeh adds balanced flavour to your cuisine of choice, making it perfect for grain bowls, rice dishes, salads, and more. For over 40 years, the Lightlife® brand has been committed to creating delicious and nutritious plant-based meat alternatives and looking for ways to improve the impact we have on the planet.","LIGHTLIFE® ORGANIC ORIGINAL TEMPEH: A versatile and delicious plant-based protein source
HIGH IN PROTEIN: 24g of protein per serving
EASY TO PREP, EASY TO COOK: Tempeh requires little preparation for quick and easy plant-based meals
SUBTLE FLAVOUR AND FAMILIAR TEXTURE: Our Original Tempeh naturally takes on the flavours you are cooking with to complement your meal
A TASTY MEAT OR TOFU ALTERNATIVE: Enjoy Organic Original Tempeh in grain and rice bowls, salads, and more","[{""Storage Type"":""Refrigerate""},{""Clearout Deal"":""No""},{""Lifestyle\/Dietary Need"":""No egg,No fish,No milk,No mustard,No sesame,No shellfish,No sulfite,No wheat,No lactose,No artificials,No added sugars,Vegan-friendly,Vegetarian-friendly""}]",https://i5.walmartimages.ca/images/Enlarge/934/556/6000199934556.jpg | https://i5.walmartimages.ca/images/Enlarge/492/568/6000203492568.jpg | https://i5.walmartimages.ca/images/Enlarge/492/574/6000203492574.jpg | https://i5.walmartimages.ca/images/Enlarge/492/565/6000203492565.jpg | https://i5.walmartimages.ca/images/Enlarge/492/565/6000203492565.jpg,5,Sold by Walmart,"CULTURED ORGANIC SOYBEANS (SOYBEANS, LACTIC ACID FROM PLANT SOURCES), WATER, ORGANIC BROWN RICE. CONTAINS: SOY.","No egg,No fish,No milk,No mustard,No sesame,No shellfish,No sulfite,No wheat,No lactose,No artificials,No added sugars,Vegan-friendly,Vegetarian-friendly",Add to Cart; Find in Store,0,,,1
Walmart Canada,Frozen,Meatless Alternatives,walmart.ca,https://www.walmart.ca/en/ip/yves-mexican-ground-round/6000196182238,,"340 g, Veggie Ground","Walmart.ca > Grocery > Meat, Seafood & Alternatives > Tofu & Plant-Based Proteins",Yves,Yves Mexican Ground Round,SKU:6000196182239,UPC:6082280002,ID:6000196182238,Walmart Item #:30428497,$3.97,,,,$3.97/1EA,"Mildly spiced with mexi-style seasonings, Veggie Ground Round Mexican is versatile and tasty! Perfect for chili, nachos, burritos, tacos, and fajitas.","Meat Alternatives
Kosher
Non-Dairy Options
Health Check
Vegan
Vegetarian
Low Fat
No Trans Fat
Cholesterol Free
Source of Fiber
Good Source of Protein
No Artificial Colours and Flavours
Free of Artificial Preservatives
No Peanuts in this Product","[{""Storage Type"":""Refrigerate""},{""Clearout Deal"":""No""},{""Lifestyle\/Dietary Need"":""No egg,No fish,No milk,No sesame,No shellfish,No sulfite,No lactose,No artificials,Kosher,Vegan-friendly,Vegetarian-friendly""}]",https://i5.walmartimages.ca/images/Enlarge/935/462/6000197935462.jpg,1,Sold by Walmart,"Water, textured soy protein, onions, spices, canola oil, natural flavours, cane sugar, salt, malt extract, yeast extract, guar gum, tapioca starch, citric acid, vitamin and mineral blend. Contains soy, mustard and barley. Also not suitable for consumption by persons with an allergy to wheat.","No egg,No fish,No milk,No sesame,No shellfish,No sulfite,No lactose,No artificials,Kosher,Vegan-friendly,Vegetarian-friendly",Add to Cart; Find in Store,5,1,,
Walmart Canada,Frozen,Meatless Alternatives,walmart.ca,https://www.walmart.ca/en/ip/gardein-chickn-sliders-meat-free/6000198334402,,320g,"Walmart.ca > Grocery > Meat, Seafood & Alternatives > Tofu & Plant-Based Proteins",Gardein,Gardein Chick'n Sliders Meat Free,SKU:6000198334403,UPC:84223400141,ID:6000198334402,Walmart Item #:30442307,$5.47,,,,$547/100GR,Gardein meat free chick'n sliders.  Ready in 2 Minutes.  Made with plant protein.  4 sliders and burgers.  Non GMO product.,,"[{""Storage Type"":""Frozen""},{""Product Type"":""Other""},{""Lifestyle and Dietary Claims"":""11""},{""Batteries Included"":""N""},{""Clearout Deal"":""No""},{""Lifestyle\/Dietary Need"":""No egg,No fish,No milk,No sesame,No shellfish,No lactose,Vegan-friendly,Vegetarian-friendly""}]",https://i5.walmartimages.com/asr/0e43b74a-0682-4932-a34f-28faee588f66.95750ed9291275ca593938d4b6446455.jpeg?odnHeight=2000&odnWidth=2000&odnBg=ffffff | https://i5.walmartimages.com/asr/525b9437-7864-48fd-a56e-cb3c71a74f57.cd2c0cc04f8e269ef728d7b11aca725d.jpeg?odnHeight=2000&odnWidth=2000&odnBg=ffffff | https://i5.walmartimages.com/asr/73a36e5e-37ab-454f-a8cd-9c0dc5ef3ce8.a92b4fc7bc3f52a204e96ebb18868978.jpeg?odnHeight=2000&odnWidth=2000&odnBg=ffffff | https://i5.walmartimages.com/asr/5028d113-3b83-46a6-bef6-bd890d9a138f.a14b6352e96243956b127824b0d24d85.jpeg?odnHeight=2000&odnWidth=2000&odnBg=ffffff | https://i5.walmartimages.com/asr/05e843de-5661-4558-936d-7dea1175014a.cf36ac1454dd7eb08640d24b48c8e1bc.jpeg?odnHeight=2000&odnWidth=2000&odnBg=ffffff,5,Sold by Walmart,"water, enriched flour, whole wheat flour, rice flour, soy protein isolate, wheat gluten, canola oil, sugar, palm oil, salt, seasoning, sea salt, methylcellulose, tapioca starch, ancient grain flour (khorasan wheat, amaranth, millet, quinoa), yeast, oat fiber, cultured corn syrup solids, citric acid, ascorbic acid, dipotassium phosphate, soybean oil, yeast extract, amylase, xylanase, spices, potato starch, distilled vinegar, cane sugar, colour, garlic powder, onion powder, baking powder, natural flavours, pea protein, barley flour, vitamins and minerals (tapioca maltodextrin, magnesium oxide, ferric orthophosphate, niacinamide, zinc oxide, vitamin b12, calcium pantothenate, pyridoxine hydrochloride, thiamine hydrochloride, riboflavin, copper gluconate). Contains: soy, wheat, barley and oats.","No egg,No fish,No milk,No sesame,No shellfish,No lactose,Vegan-friendly,Vegetarian-friendly",Not Sold;,5,2,,
Walmart Canada,Drinks,Coffee,walmart.ca,https://www.walmart.ca/en/ip/great-value-instant-coffee-decaffeinated/6000198145698,,150 g,Walmart.ca > Grocery > Drinks > Coffee > Instant Coffee,Great Value,Great Value Instant Coffee Decaffeinated,SKU:6000198145699,UPC:62891567007,ID:6000198145698,Walmart Item #:31517805,$2.97,,,,$1.98/100GR,"Enjoy a steaming-hot cup of coffee in no time with Great Value Decaffeinated Instant Coffee. Start your morning off right or enjoy an afternoon mug for less than the local coffee shop with this instant decaffeinated coffee, designed to dissolve quickly in hot water for a delicious beverage whenever you want.",,"[{""Product Type"":""Instant""},{""Decaffeinated"":""Yes""},{""Storage Type"":""Shelf""},{""Walmart Exclusive"":""Yes""},{""Clearout Deal"":""No""},{""Lifestyle\/Dietary Need"":""No artificials,No added sugars,Paleo-friendly,Vegan-friendly,Vegetarian-friendly,Whole30-friendly""}]",https://i5.walmartimages.ca/images/Enlarge/577/834/6000199577834.jpg,1,Sold by Walmart,Decaffeinated Instant Coffee.,"No artificials,No added sugars,Paleo-friendly,Vegan-friendly,Vegetarian-friendly,Whole30-friendly",Add to Cart; Find in Store,5,2,,2
Walmart Canada,Frozen,Meatless Alternatives,walmart.ca,https://www.walmart.ca/en/ip/soyganic-firm-tofu/6000202718483,,,"Walmart.ca > Grocery > Meat, Seafood & Alternatives > Tofu & Plant-Based Proteins",Sunrise Soya Foods,Soyganic Firm Tofu,SKU:6000202718484,UPC:5786400140,ID:6000202718483,Walmart Item #:31164943,$2.97,,,,,"FRESHNESS GUARANTEED
You want the freshest for your family and so do we. We've trained our Associates
to pick the best and freshest products to meet your expectations. Satisfaction guaranteed* or your money back!
*Terms and conditions apply. See the Online Grocery Help page at Walmart.ca for details.",,"[{""Storage Type"":""Refrigerate""},{""Clearout Deal"":""No""},{""Lifestyle\/Dietary Need"":""""}]",https://i5.walmartimages.ca/images/Enlarge/477/858/6000203477858.jpg,1,Sold by Walmart,"Water, Organic Soybeans (Non-GMO), Calcium Sulphate.",,Add to Cart; Find in Store,0,,,
Walmart Canada,Frozen,Meatless Alternatives,walmart.ca,https://www.walmart.ca/en/ip/gardein-meat-free-meatless-meatballs/6000198335262,,360g,"Walmart.ca > Grocery > Meat, Seafood & Alternatives > Tofu & Plant-Based Proteins",Gardein,Gardein Meat Free Meatless Meatballs,SKU:6000198335263,UPC:84223400171,ID:6000198335262,Walmart Item #:30442434,$5.27,,,,,Gardein Meat Free Meatballs.  Ready in 8 minutes!  Made with plant protein.  Good source of protein.  Non GMO product.,,"[{""Storage Type"":""Frozen""},{""Product Type"":""Other""},{""Lifestyle and Dietary Claims"":""11""},{""Batteries Included"":""N""},{""Clearout Deal"":""No""},{""Lifestyle\/Dietary Need"":""No egg,No fish,No milk,No sesame,No shellfish,No lactose,No artificials,Kosher,Vegan-friendly,Vegetarian-friendly""}]",https://i5.walmartimages.com/asr/4801cbcc-a20f-44c4-bc01-dfdf517cfc2b.3ceca15cc1807ddfb769252ddb63a804.jpeg?odnHeight=2000&odnWidth=2000&odnBg=ffffff | https://i5.walmartimages.com/asr/1f1db527-f77e-4f15-8a36-be555f9a6228.cb368fdf9a594232e4961fbb8fe48ff3.jpeg?odnHeight=2000&odnWidth=2000&odnBg=ffffff,2,Sold by Walmart,"water, textured vegetable protein (soy protein concentrate, barley malt extract), wheat gluten, canola oil, soy protein isolate, methylcellulose, yeast extract, onion powder, malt extract (malted barley, water), sea salt, spices, cane sugar, distilled vinegar, dehydrated onion, dehydrated garlic, maltodextrin, herbs, garlic powder, dipotassium phosphate, natural flavours, salt, sugar, red chili flakes, pea protein, vitamins and minerals (tapioca maltodextrin, magnesium oxide, ferric orthophosphate, niacinamide, zinc oxide, vitamin b12, calcium pantothenate, pyridoxine hydrochloride, thiamine hydrochloride, riboflavin, copper gluconate). Contains: barley, soy and wheat.","No egg,No fish,No milk,No sesame,No shellfish,No lactose,No artificials,Kosher,Vegan-friendly,Vegetarian-friendly",Add to Cart; Find in Store,4.2,213,,1
Walmart Canada,Drinks,Coffee,walmart.ca,https://www.walmart.ca/en/ip/great-value-dark-roast-keurig-recyclable-k-cup-pod/6000201198104,,48 count,Walmart.ca > Grocery > Drinks > Coffee > Coffee Pods,Great Value,Great Value™ Dark Roast Keurig® Recyclable K-Cup® Pod,SKU:6000201198105,UPC:62773501243,ID:6000201198104,Walmart Item #:30533145,$16.94,,,,,"Start your morning off with a steaming cup of fresh coffee in just seconds when you use Great Value Dark Roast Coffee K-Cups. Designed to brew 8 ounces of coffee with your Keurig coffee maker, these convenient little pods produce strong, aromatic coffee in a single-serving amount.",,"[{""Product Type"":""Dark Roast""},{""Decaffeinated"":""No""},{""Storage Type"":""Shelf""},{""Walmart Exclusive"":""Yes""},{""Clearout Deal"":""No""},{""Lifestyle\/Dietary Need"":""""}]",https://i5.walmartimages.ca/images/Enlarge/294/554/6000201294554.jpg | https://i5.walmartimages.ca/images/Enlarge/294/558/6000201294558.jpg,2,Sold by Walmart,Coffee,,Add to Cart; Find in Store,5,3,,
Walmart Canada,Drinks,Coffee,walmart.ca,https://www.walmart.ca/en/ip/tim-hortons-decaf-premium-instant-coffee/6000199401874,,100g,Walmart.ca > Grocery > Drinks > Coffee > Instant Coffee,Tim Hortons,Tim Hortons Decaf Premium Instant Coffee,SKU:6000199401875,UPC:6320911793,ID:6000199401874,Walmart Item #:30133429,$6.44,,,,$6.44/100GR,"Tim Hortons Decaf Premium Instant is a balanced, medium-bodied, decaffeinated coffee with a smooth finish. Tim Hortons Premium Instant Coffee is made with 100% Arabica beans grown in the rich volcanic soils of Colombia.",Directions: Stir in about one teaspoon of instant coffee for every 175ml (6oz) of boiling water.,"[{""Product Type"":""Instant""},{""Decaffeinated"":""Yes""},{""Storage Type"":""Shelf""},{""Clearout Deal"":""No""},{""Lifestyle\/Dietary Need"":""No egg,No fish,No milk,No mustard,No sesame,No shellfish,No soy,No sulfite,No wheat,No lactose,No artificials,No added sugars,Paleo-friendly,Vegan-friendly,Vegetarian-friendly,Whole30-friendly""}]",https://i5.walmartimages.ca/images/Enlarge/600/187/6000199600187.jpg,1,Sold by Walmart,100% ARABICA COFFEE.,"No egg,No fish,No milk,No mustard,No sesame,No shellfish,No soy,No sulfite,No wheat,No lactose,No artificials,No added sugars,Paleo-friendly,Vegan-friendly,Vegetarian-friendly,Whole30-friendly",Add to Cart; Find in Store,3,3,,
Walmart Canada,Drinks,Soft Drinks/Sodas,walmart.ca,https://www.walmart.ca/en/ip/canada-dry-club-soda-355-ml-cans-12-pack/6000001848363,,12 x 355 mL,Walmart.ca > Household Supplies & Pantry > Drinks > Soft Drinks > Other Soft Drinks,Canada Dry,"Canada Dry® Club Soda 355 mL Cans, 12 Pack",SKU:10281471,UPC:6210000895,ID:6000001848363,Walmart Item #:9204221,$5.47,,,,$0.13/100ML,"Canada Dry Club Soda is a crisp, clean, refreshing, sugar free, zero calorie and low sodium everyday sparkling beverage option: a bubbly alternative to your daily water intake.","The  ideal pack size for pairing with individual meals or snacks
Can be enjoyed on its own or while entertaining family and friends
Best savoured chilled for a revitalizing beverage experience","[{""Flavour"":""Other""},{""Singleserve"":""No""},{""Storage Type"":""Refrigerate""},{""Clearout Deal"":""No""},{""Lifestyle\/Dietary Need"":""No egg,No fish,No milk,No mustard,No sesame,No shellfish,No soy,No sulfite,No wheat,No lactose,No artificials,No added sugars,Paleo-friendly,Vegan-friendly,Vegetarian-friendly,Whole30-friendly""}]",https://i5.walmartimages.ca/images/Enlarge/128/655/128655.jpg | https://i5.walmartimages.ca/images/Enlarge/865/5_1/128655_1.jpg | https://i5.walmartimages.ca/images/Enlarge/114/461/6000200114461.jpg | https://i5.walmartimages.ca/images/Enlarge/114/459/6000200114459.jpg | https://i5.walmartimages.ca/images/Enlarge/192/639/6000200192639.jpg | https://i5.walmartimages.ca/images/Enlarge/192/632/6000200192632.jpg | https://i5.walmartimages.ca/images/Enlarge/162/251/6000200162251.jpg | https://i5.walmartimages.ca/images/Enlarge/162/251/6000200162251.jpg,8,Sold by Walmart,"CARBONATED WATER, POTASSIUM BICARBONATE, POTASSIUM CITRATE.","No egg,No fish,No milk,No mustard,No sesame,No shellfish,No soy,No sulfite,No wheat,No lactose,No artificials,No added sugars,Paleo-friendly,Vegan-friendly,Vegetarian-friendly,Whole30-friendly",Add to Cart; Find in Store,4,41,,
Walmart Canada,Drinks,Coffee,walmart.ca,https://www.walmart.ca/en/ip/tim-hortons-tassimo-original-blend-coffee/6000188767515,,Pack of 14,Walmart.ca > Household Supplies & Pantry > Drinks > Coffee > Coffee Pods,Tim Hortons,Tim Hortons Tassimo Original Blend Coffee,SKU:6000188767516,UPC:6618809040,ID:6000188767515,Walmart Item #:30983448,$9.98,,,,$0.71/1EA,"Since 1964, we have been committed to serving a great cup of coffee. The signature flavour in every cup of Tim Hortons Premium Blend Coffee is created using our own unique blend of 100% Arabica beans. Selected from the world's most renowned coffee growing regions, our beans are expertly blended and roasted with care to deliver that consistent Tim Hortons taste every time. Our premium blend of 100% Arabica beans delicately roasted for a nicely balanced cup of coffee.","DIRECTIONS:
• For best results, follow Tassimo Brewer settings","[{""Product Type"":""Other""},{""Decaffeinated"":""No""},{""Singleserve"":""No""},{""Clearout Deal"":""No""},{""Lifestyle\/Dietary Need"":""No egg,No fish,No milk,No mustard,No sesame,No shellfish,No soy,No sulfite,No wheat,No lactose,No artificials,No added sugars,Paleo-friendly,Vegan-friendly,Vegetarian-friendly,Whole30-friendly""}]",https://i5.walmartimages.ca/images/Enlarge/090/400/999999-66188090400.jpg,1,Sold by Walmart,COFFEE,"No egg,No fish,No milk,No mustard,No sesame,No shellfish,No soy,No sulfite,No wheat,No lactose,No artificials,No added sugars,Paleo-friendly,Vegan-friendly,Vegetarian-friendly,Whole30-friendly",Add to Cart; Find in Store,4.3,31,,
Walmart Canada,Frozen,Meatless Alternatives,walmart.ca,https://www.walmart.ca/en/ip/great-value-raw-jumbo-pacific-white-shrimp/6000196383036,,400 g,"Walmart.ca > Grocery > Frozen Food > Frozen Meat, Seafood & Alternatives > Frozen Fish & Seafood",Great Value,Great Value Raw Jumbo Pacific White Shrimp,SKU:6000196383037,UPC:62891536209,ID:6000196383036,Walmart Item #:30217269,$13.97,,,,$3.49/100GR,"Great Value Raw Shrimp are frozen, raw and ready to cook. These Great Value frozen shrimp are packaged with 21-25 shrimp per pound. Great Value Raw Shrimp are perfect for grilling and in a variety of tasty dishes like shrimp salad, seafood risotto, creamy seafood pasta and ceviche!

The Great Value brand strives to provide Canadian families everyday value that does not compromise on quality. All of our Great Value products come with a 100% satisfaction guarantee, or your money back. With Great Value, you can feel confident that you are making a great choice!",,"[{""Cut"":""Seafood""},{""Product Type"":""Seafood""},{""Storage Type"":""Frozen""},{""Walmart Exclusive"":""Yes""},{""International Foods"":""Chinese""},{""International Foods"":""Japanese""},{""International Foods"":""Filipino""},{""International Foods"":""Korean""},{""International Foods"":""Thai""},{""Clearout Deal"":""No""},{""Lifestyle\/Dietary Need"":""No artificials,No added sugars,Paleo-friendly,Whole30-friendly""}]",https://i5.walmartimages.ca/images/Enlarge/362/091/628915362091.jpg | https://i5.walmartimages.ca/images/Enlarge/91_/nft/628915362091_NFT.jpg | https://i5.walmartimages.ca/images/Enlarge/91_/nft/628915362091_NFT.jpg,3,Sold by Walmart,"Pacific white shrimp, sodium tripolyphosphate, salt.Contains: shrimp. May contain: peanuts, sesame, eggs, shellfish, soy, sulphites.","No artificials,No added sugars,Paleo-friendly,Whole30-friendly",Add to Cart; Find in Store,4.3,8,,
Walmart Canada,Frozen,Meatless Alternatives,walmart.ca,https://www.walmart.ca/en/ip/great-value-popcorn-shrimp-combo-pack/6000201633732,,680 g,"Walmart.ca > Grocery > Frozen Food > Frozen Meat, Seafood & Alternatives > Frozen Fish & Seafood",Great Value,Great Value Popcorn Shrimp Combo Pack,SKU:6000201633733,UPC:62773501454,ID:6000201633732,Walmart Item #:30312800,$9.97,,,,$1.47/100GR,"There’s two kinds of deliciousness in every pack of Great Value™ Popcorn Shrimp. Why choose between savoury salt & pepper or spicy chipotle, when you can have both? With a minimum of 100 pieces per box, these bite-sized breaded shrimp are delicious on their own or dipped in your favourite sauce.","- Uncooked
- Sustainably sourced
- Combo of flavours: Salt and Pepper, Spicy Chipotle
- Minimum 100 pieces","[{""Product Type"":""Seafood""},{""Storage Type"":""Frozen""},{""Walmart Exclusive"":""Yes""},{""Clearout Deal"":""No""},{""Lifestyle\/Dietary Need"":""""}]",https://i5.walmartimages.ca/images/Enlarge/443/299/6000202443299.jpg | https://i5.walmartimages.ca/images/Enlarge/443/297/6000202443297.jpg | https://i5.walmartimages.ca/images/Enlarge/488/070/6000202488070.jpg | https://i5.walmartimages.ca/images/Enlarge/488/070/6000202488070.jpg,4,Sold by Walmart,"Shrimp, Enriched wheat flour, Water, Sunflower, soybean and palm oils, Modified corn starch, Corn flour, Tapioca starch, Sodium phosphate, Salt, Spices, Baking powder, Onion and garlic powder, Chipotle chili powder, Ascorbic acid, Flavour, Yeast, Smoke flavour, Sugar",,Add to Cart; Find in Store,4,1,,
Walmart Canada,Frozen,Meatless Alternatives,walmart.ca,https://www.walmart.ca/en/ip/janes-ultimates-dry-rub-seasoned-chicken-wings-buffalo-style/6000199467923,,"Chicken Wings, 900g","Walmart.ca > Grocery > Frozen Food > Frozen Meat, Seafood & Alternatives > Frozen Chicken & Turkey",Janes,Janes ultimates Dry Rub Seasoned Chicken Wings Buffalo Style,SKU:6000199467924,UPC:6929960511,ID:6000199467923,Walmart Item #:30680296,$14.97,,,,$1.66/100GR,"When the gang stops over for the game unexpectedly, it’s a relief to know you have Janes fully-cooked ultimates wings ready and waiting in the freezer. Janes ultimates Buffalo Chicken Wings made with our signature Dry Rub Spices deliver an oven-roasted flavour without the saucy mess, and no artificial flavours or colours.  These wings are great on their own or dip them in our tangy ranch sauce for a little less heat.  Cooked up in less than 30 minutes, Janes ultimates Buffalo Chicken Wings are the perfect addition for your next get together, served with a side of celery and carrots.","• No Hydrogenated Oils
• Oven Roasted
• No artificial flavours or colours","[{""Product Type"":""Wings""},{""Cut"":""Wings""},{""Singleserve"":""No""},{""Storage Type"":""Frozen""},{""Clearout Deal"":""No""},{""Lifestyle\/Dietary Need"":""No fish,No sesame,No shellfish""}]",https://i5.walmartimages.ca/images/Enlarge/512/751/6000200512751.jpg | https://i5.walmartimages.ca/images/Enlarge/564/589/6000203564589.jpg,2,Sold by Walmart,"CHICKEN:   CHICKEN WINGS, WATER, WHEAT FLOUR, CAYENNE PEPPER SAUCE POWDER [CAYENNE PEPPER SAUCE (AGED CAYENNE PEPPER, VINEGAR, SALT, GARLIC POWDER), CORN MALTODEXTRIN, FLAVOUR],  GARLIC POWDER, CORN MALTODEXTRIN, SPICES, CANOLA OIL, MODIFIED CORN STARCH, VINEGAR POWDER (CORN MALTODEXTRIN, MODIFIED CORN STARCH, VINEGAR), PEA PROTEIN, SALT, JALAPENO PEPPER POWDER, SODIUM DIACETATE. MAY CONTAIN: EGGS, SOY.\n\nSAUCE: CULTURED BUTTERMILK (2% MILK, SEA SALT, SODIUM CITRATE, BACTERIAL CULTURE), WATER, CANOLA OIL, GLUCOSE-FRUCTOSE, WHITE VINEGAR, MODIFIED CORN STARCH, SEA SALT, SUGAR, EGG YOLK (WITH SALT), RANCH SEASONING (DEHYDRATED ONION,  MUSTARD FLOUR, DEHYDRATED GARLIC, SPICE, DEHYDRATED MUSHROOM), CULTURED DEXTROSE (WITH MALTODEXTRIN), SOY LECITHIN, XANTHAN GUM, FLAVOUR, SPICE EXTRACT, LACTIC ACID","No fish,No sesame,No shellfish",Add to Cart; Find in Store,1.8,14,,1
Walmart Canada,Drinks,Coffee,walmart.ca,https://www.walmart.ca/en/ip/great-value-dark-roast-ground-coffee/6000196032817,,907 g,Walmart.ca > Household Supplies & Pantry > Drinks > Coffee > Ground Coffee,Great Value,Great Value Dark Roast Ground Coffee,SKU:6000196032818,UPC:62891524267,ID:6000196032817,Walmart Item #:30872049,$6.87,,,,$0.76/100GR,Dark. Great Value products offer guaranteed quality at a price you’ve come to expect from Walmart.,,"[{""Product Type"":""Dark Roast""},{""Decaffeinated"":""No""},{""Singleserve"":""No""},{""Storage Type"":""Shelf""},{""Walmart Exclusive"":""Yes""},{""Clearout Deal"":""No""},{""Lifestyle\/Dietary Need"":""No artificials,Kosher,No added sugars,Paleo-friendly,Vegan-friendly,Vegetarian-friendly,Whole30-friendly""}]",https://i5.walmartimages.ca/images/Enlarge/872/049/30872049.jpg,1,Sold by Walmart,Not Applicable,"No artificials,Kosher,No added sugars,Paleo-friendly,Vegan-friendly,Vegetarian-friendly,Whole30-friendly",Add to Cart; Find in Store,4.6,5,,
Walmart Canada,Frozen,Meatless Alternatives,walmart.ca,https://www.walmart.ca/en/ip/high-liner-pan-sear-haddock-roasted-garlic-herbs-lightly-breaded-whole-fillets/6000196030768,,"4 Fillets, 500 g","Walmart.ca > Grocery > Frozen Food > Frozen Meat, Seafood & Alternatives > Frozen Fish & Seafood",High Liner,High Liner Pan-Sear Haddock Roasted Garlic & Herbs Lightly Breaded Whole Fillets,SKU:6000196030769,UPC:6176306883,ID:6000196030768,Walmart Item #:31089323,$12.97,,,,$2594/100GR,"Enjoy the quality and taste of a restaurant-inspired meal right in your own home. Delicately breaded wild caught whole haddock fillets are seasoned with a medley of herbs, including garlic, basil and thyme. You now have the convenience of cooking frozen fish on the stovetop, oven and barbecue.",,"[{""Cut"":""Fillets""},{""Product Type"":""Seafood""},{""Storage Type"":""Frozen""},{""Clearout Deal"":""No""},{""Lifestyle\/Dietary Need"":""No egg,No milk,No sesame,No shellfish,No soy,No sulfite,No lactose""}]",https://i5.walmartimages.ca/images/Enlarge/068/836/999999-61763068836.jpg | https://i5.walmartimages.ca/images/Enlarge/883/6_1/999999-61763068836_1.jpg | https://i5.walmartimages.ca/images/Enlarge/259/236/6000203259236.jpg | https://i5.walmartimages.ca/images/Enlarge/259/236/6000203259236.jpg | https://i5.walmartimages.ca/images/Enlarge/883/6_2/999999-061763068836_2.jpg | https://i5.walmartimages.ca/images/Enlarge/883/6_3/999999-061763068836_3.jpg | https://i5.walmartimages.ca/images/Enlarge/883/6_3/999999-061763068836_3.jpg,7,Sold by Walmart,"Ingredients: Haddock fillets, Canola oil, Toasted wheat crumbs, Flour (rice, wheat), Water, Modified corn starch, Seasonings (roasted garlic, herbs, yeast, spices, citric acid, onion), Natural lemon flavour, Salt, Caramel, Sugar. Contains: Haddock (fish), Wheat.","No egg,No milk,No sesame,No shellfish,No soy,No sulfite,No lactose",Add to Cart; Find in Store,4.7,7,,
Walmart Canada,Drinks,Coffee,walmart.ca,https://www.walmart.ca/en/ip/maxwell-house-house-blend-coffee-100-compostable-pods-30-pods/6000201704037,,292g,Walmart.ca > Household Supplies & Pantry > Drinks > Coffee > Coffee Pods,Maxwell House,"Maxwell House House Blend Coffee 100% Compostable Pods, 30 Pods",SKU:6000201704038,UPC:6618800553,ID:6000201704037,Walmart Item #:30872674,$14.97,$12.97,,$Rollback,$4.44/100GR,"Maxwell House House Blend Coffee has a consistent signature taste that is good to the last drop. The distinctive blend of fine Arabica beans with a velvety, rich taste is exceptionally smooth and is the perfect start to your day. Made with 100% pure Arabica coffee beans, our gourmet roast is great served black or with cream and sugar. Brew a single cup of Maxwell House balanced coffee for a bright, lively cup of coffee anytime you want. Our coffee pods are 100% compostable and the box is recyclable.","•292g of 30ct Maxwell House House Blend Coffee 100% Compostable Pods
•Made with 100% Arabica beans
•100% pure ground coffee
•Pods and bag are 100% compostable and our box is recyclable
•Good to the last drop","[{""Product Type"":""Pods""},{""Decaffeinated"":""No""},{""Singleserve"":""Yes""},{""Storage Type"":""Shelf""},{""Clearout Deal"":""No""},{""Lifestyle\/Dietary Need"":""""}]",https://i5.walmartimages.ca/images/Enlarge/820/862/6000201820862.jpg | https://i5.walmartimages.ca/images/Enlarge/820/859/6000201820859.jpg | https://i5.walmartimages.ca/images/Enlarge/820/880/6000201820880.jpg | https://i5.walmartimages.ca/images/Enlarge/910/721/6000201910721.jpg | https://i5.walmartimages.ca/images/Enlarge/910/722/6000201910722.jpg | https://i5.walmartimages.ca/images/Enlarge/910/723/6000201910723.jpg | https://i5.walmartimages.ca/images/Enlarge/915/325/6000201915325.jpg | https://i5.walmartimages.ca/images/Enlarge/915/323/6000201915323.jpg | https://i5.walmartimages.ca/images/Enlarge/820/864/6000201820864.jpg | https://i5.walmartimages.ca/images/Enlarge/820/864/6000201820864.jpg,10,Sold by Walmart,COFFEE.,,Add to Cart; Find in Store,4.2,105,,5
Walmart Canada,Drinks,Soft Drinks/Sodas,walmart.ca,https://www.walmart.ca/en/ip/great-value-club-soda/6000162307592,,,Walmart.ca > Grocery > Drinks > Soft Drinks > Other Soft Drinks,Great Value,Great Value Club Soda,SKU:10316771,UPC:60538887262,ID:6000162307592,Walmart Item #:9217424,$0.97,,,,$0.05/100ML,Fabulously fizzy Great Value Club Soda is a classic carbonated beverage that sparkles with thirst-quenching delight. Simply crack open a bottle and pour over ice or mix with juice for a refreshing drink that’s soda-licious.,"\u003Cp>Ingredients: carbonated water, potassium bicarbonate, potassium citrate.&nbsp;\u003C/p>\u003Cp>Assembled product dimensions: L 17.50 inches x W 9.00 inches x H 12.00 inches x W 37.10 pounds\u003C/p>","[{""Assembled Length"":""17.5 in""},{""Assembled Height"":""12 in""},{""Assembled Weight"":""37.1 lb""},{""Assembled Width"":""9 in""},{""Flavour"":""Other""},{""Singleserve"":""No""},{""Walmart Exclusive"":""Yes""},{""Clearout Deal"":""No""},{""Lifestyle\/Dietary Need"":""No artificials,Kosher,No added sugars,Paleo-friendly,Vegan-friendly,Vegetarian-friendly,Whole30-friendly""}]",https://i5.walmartimages.ca/images/Enlarge/872/623/605388872623.jpg | https://i5.walmartimages.ca/images/Enlarge/23_/nft/605388872623_NFT.jpg | https://i5.walmartimages.ca/images/Enlarge/23_/nft/605388872623_NFT.jpg,3,Sold by Walmart,,"No artificials,Kosher,No added sugars,Paleo-friendly,Vegan-friendly,Vegetarian-friendly,Whole30-friendly",Add to Cart; Find in Store,5,2,,2
Walmart Canada,Frozen,Meatless Alternatives,walmart.ca,https://www.walmart.ca/en/ip/great-value-mediterranean-style-chicken-breasts/6000199545794,,1 kg,"Walmart.ca > Grocery > Frozen Food > Frozen Meat, Seafood & Alternatives > Frozen Chicken & Turkey",Great Value,Great Value Mediterranean Style Chicken Breasts,SKU:6000199545795,UPC:62891741221,ID:6000199545794,Walmart Item #:30563672,$12.97,,,,$12.97/1KG,"Great Value boneless, skinless chicken breasts are marinated in a Mediterranean blend. Enjoy this item for lunch or dinner, they're great on the grill or in the oven! Serve with your favourite vegetables and dig in!","• Lean
• Boneless, skinless
• 19% meat protein, seasoned, uncooked
• High in protein
• Made in Canada
• Keep frozen","[{""Product Type"":""Chicken Breasts""},{""Cut"":""Other""},{""Storage Type"":""Frozen""},{""Walmart Exclusive"":""Yes""},{""Clearout Deal"":""No""},{""Lifestyle\/Dietary Need"":""""}]",https://i5.walmartimages.ca/images/Enlarge/412/213/628917412213.jpg | https://i5.walmartimages.ca/images/Enlarge/13_/nft/628917412213_NFT.jpg | https://i5.walmartimages.ca/images/Enlarge/13_/nft/628917412213_NFT.jpg,3,Sold by Walmart,"Chicken breast, water, modified potato starch, salt, maltodextrin, spices, sugar, tomato powder, red bell peppers, modified corn starch, potassium phosphate, sodium phosphate flavour. May contain: sesame, milk, eggs, soy, wheat, mustard.",,Add to Cart; Find in Store,4,1,,2
Walmart Canada,Frozen,Meatless Alternatives,walmart.ca,https://www.walmart.ca/en/ip/high-liner-pan-sear-wild-pacific-salmon-mediterranian-lightly-breaded-whole-pink-salmon-fillets/6000196030531,,"4 Fillets, 540 g","Walmart.ca > Grocery > Frozen Food > Frozen Meat, Seafood & Alternatives > Frozen Fish & Seafood",High Liner,High Liner Pan-Sear Wild Pacific Salmon Mediterranian Lightly Breaded Whole Pink Salmon Fillets,SKU:6000196030532,UPC:6176306947,ID:6000196030531,Walmart Item #:8305944,$12.97,,,,$2.4/100GR,"Enjoy the quality and taste of a restaurant-inspired meal right in your own home. Delicately breaded wild pacific salmon fillets are seasoned with a delicious blend of basil, oregano, parsley, rosemary and garlic. You now have the convenience of cooking frozen fish on the stovetop, oven and barbecue.",,"[{""Cut"":""Fillets""},{""Product Type"":""Seafood""},{""Storage Type"":""Frozen""},{""Clearout Deal"":""No""},{""Lifestyle\/Dietary Need"":""No egg,No milk,No sesame,No shellfish,No soy,No sulfite,No lactose,No artificials""}]",https://i5.walmartimages.ca/images/Enlarge/069/475/999999-61763069475.jpg | https://i5.walmartimages.ca/images/Enlarge/947/5_1/999999-61763069475_1.jpg | https://i5.walmartimages.ca/images/Enlarge/259/243/6000203259243.jpg | https://i5.walmartimages.ca/images/Enlarge/259/243/6000203259243.jpg | https://i5.walmartimages.ca/images/Enlarge/947/5_2/999999-061763069475_2.jpg | https://i5.walmartimages.ca/images/Enlarge/947/5_3/999999-061763069475_3.jpg | https://i5.walmartimages.ca/images/Enlarge/947/5_3/999999-061763069475_3.jpg,7,Sold by Walmart,"Ingredients: Pink salmon fillets, Water, Flour (rice, wheat), Toasted wheat crumbs, Canola oil, Modified corn starch, Seasonings (tomato, herbs, yeast, citric acid, garlic), Natural flavour (garlic, lemon, onion), Salt, Sugar, Sodium phosphate (to retain moisture). Contains: Pink salmon (fish), Wheat.","No egg,No milk,No sesame,No shellfish,No soy,No sulfite,No lactose,No artificials",Not Sold;,4.3,6,,
Walmart Canada,Drinks,Soft Drinks/Sodas,walmart.ca,https://www.walmart.ca/en/ip/crush-cream-sod-2-l-bottle/6000196027147,,2L,Walmart.ca > Grocery > Drinks > Soft Drinks > Other Soft Drinks,Crush,"Crush Cream Sod, 2 L bottle",SKU:6000196027148,UPC:5600000308,ID:6000196027147,Walmart Item #:9239100,$1.97,,,,$0.1/100ML,"Crush* Cream Soda treats you to a dreamy, creamy burst of flavour and tongue-tickling bubbles. This handy 2 L bottle is ideal for sharing this daydreaming taste treat.","• 2 L bottle
• Dreamy, creamy flavour
• Part of the Crush* family of fun flavours
• Perfect for sharing","[{""Flavour"":""Cream Soda""},{""Singleserve"":""No""},{""Storage Type"":""Shelf""},{""Clearout Deal"":""No""},{""Lifestyle\/Dietary Need"":""No egg,No fish,No milk,No mustard,No sesame,No shellfish,No soy,No sulfite,No wheat,No lactose,Vegan-friendly,Vegetarian-friendly""}]",https://i5.walmartimages.ca/images/Enlarge/003/084/999999-56000003084.jpg | https://i5.walmartimages.ca/images/Enlarge/308/4_1/999999-56000003084_1.jpg | https://i5.walmartimages.ca/images/Enlarge/374/524/6000203374524.jpg | https://i5.walmartimages.ca/images/Enlarge/394/317/6000202394317.jpg | https://i5.walmartimages.ca/images/Enlarge/84_/nft/56000003084_NFT.jpg | https://i5.walmartimages.ca/images/Enlarge/84_/nft/56000003084_NFT.jpg,6,Sold by Walmart,"CARBONATED WATER, SUGAR/GLUCOSE-FRUCTOSE, CITRIC ACID, SODIUM BENZOATE, ARTIFICIAL FLAVOUR, COLOUR, QUILLAIA EXTRACT.","No egg,No fish,No milk,No mustard,No sesame,No shellfish,No soy,No sulfite,No wheat,No lactose,Vegan-friendly,Vegetarian-friendly",Add to Cart; Find in Store,4.6,21,,1
Walmart Canada,Frozen,Pizzas,walmart.ca,https://www.walmart.ca/en/ip/great-value-three-cheese-mini-pizzas/6000196099114,,8 Pizzas,Walmart.ca > Grocery > Frozen Food > Frozen Pizza,Great Value,Great Value Three Cheese Mini Pizzas,SKU:6000196099115,UPC:62891523175,ID:6000196099114,Walmart Item #:30128609,$5.47,,,,$0.65/100GR,Great Value products offer guaranteed quality at a price you’ve come to expect from Walmart. Cook thoroughly. Ready in 2.5 minutes. Source of calcium.,,"[{""Product Type"":""Cheese""},{""Storage Type"":""Other""},{""Walmart Exclusive"":""Yes""},{""Clearout Deal"":""No""},{""Lifestyle\/Dietary Need"":""""}]",https://i5.walmartimages.ca/images/Enlarge/231/755/628915231755.jpg | https://i5.walmartimages.ca/images/Enlarge/175/5_1/628915231755_1.jpg,2,Sold by Walmart,"Crust (enriched wheat flour, water, palm and modified palm oil shortening, sugar, canola oil, yeast, salt, whey powder, baking powder), sauce (water, tomato paste, canola oil sugar, salt, spices, modified corn starch, garlic powder), mozzarella cheese (part skim milk, bacterial culture, salt, calcium chloride, microbial enzyme), pizza topping (water, palm oil, casein, modified corn starch, salt, sodium phosphate, citric acid, sodium citrate, potassium ascorbate, lactic acid, colour), cheddar cheese (milk, bacterial culture, salt, colour, microbial enzyme), parmesan cheese, milk, salt, powdered cellulose, modified milk ingredients, lipase, microbial enzyme, bacterial culture, natamycin), powdered cellulose. Contains: milk, soy, wheat. May contain: mustard.",,Add to Cart; Find in Store,2.3,4,,1
Walmart Canada,Frozen,Meatless Alternatives,walmart.ca,https://www.walmart.ca/en/ip/searay-cooked-shrimp-meat/6000203220359,,300g,"Walmart.ca > Grocery > Frozen Food > Frozen Meat, Seafood & Alternatives > Frozen Fish & Seafood",Searay Foods Inc.,Searay Cooked Shrimp Meat,SKU:6000203220360,UPC:82751000450,ID:6000203220359,Walmart Item #:31705595,$6.97,,,,$2.32/100GR,"Searay cooked peeled and deveined white shrimp is lean and packed with nutrition, protein, and flavour. Each pound contains 41-50 white shrimps. The meat is firm, and it has a sweet flavour. There are so many ways to prepare this shrimp to get the most flavour and one that stands out most is making a simple shrimp salad.",,"[{""Product Type"":""Seafood""},{""Storage Type"":""Frozen""},{""Clearout Deal"":""No""},{""Lifestyle\/Dietary Need"":""""}]",https://i5.walmartimages.ca/images/Enlarge/355/175/6000203355175.jpg | https://i5.walmartimages.ca/images/Enlarge/355/179/6000203355179.jpg,2,Sold by Walmart,"Farmed Pacific White Shrimp (Litopenaeus vannamei), Salt, Sodium Tripolyphosphate (E451) (to retain moisture).",,Add to Cart; Find in Store,0,,,
Walmart Canada,Frozen,Pizzas,walmart.ca,https://www.walmart.ca/en/ip/delissio-rising-crust-pizza-spicy-chicken/6000191281718,,846 GR,Walmart.ca > Grocery > Frozen Food > Frozen Pizza,Delissio,DELISSIO Rising Crust Pizza Spicy Chicken,SKU:6000191281719,UPC:7192168956,ID:6000191281718,Walmart Item #:30875839,$5.44,,,,$0.64/100GR,"There’s nothing quite like a classic rising crust pizza topped with your favourite ingredients. DELISSIO® Rising Crust Pizza Spicy Chicken (846 g) tops a high-rising, thick crust with spicy grilled chicken, red and green peppers, and finely chopped onions  – bringing spicy, and savoury flavours together in one! Whether treating yourself or pleasing a crowd, the soft and fluffy crust with a crispy outside makes every night an irresistible pizza night. Made with high quality ingredients, it’s no wonder DELISSIO® is the Most Trusted Frozen Pizza Brand in Canada*. It’s easy to cook up a delish pizza that tastes just like delivery. It’s not delivery, It’s DELISSIO!® *BrandSpark International inc. 2017/2018","• A classic, thick crust with a fluffy inside, topped with spicy grilled chicken, red and green peppers, and finely chopped onions
• Made with only quality ingredients, DELISSIO® is the Most Trusted Frozen Pizza Brand in Canada*
• Quick and easy way to turn any night into a mouth-watering pizza night – perfect for a night in, pleasing the crowd, or a tasty appetizer
• Add your favourite ingredients for your own pizza personalization
• The only door you need to open is your oven. It’s not delivery, it’s DELISSIO!®","[{""Singleserve"":""No""},{""Product Type"":""Meat""},{""Storage Type"":""Frozen""},{""Features"":""\u2022 A classic""},{""Features"":"" thick crust with a fluffy inside""},{""Features"":"" topped with spicy grilled chicken""},{""Features"":"" red and green peppers""},{""Features"":"" and finely chopped onions<br>\u2022 Made with only quality ingredients""},{""Batteries Included"":""N""},{""Clearout Deal"":""No""},{""Lifestyle\/Dietary Need"":""No egg,No fish,No mustard,No sesame,No shellfish,No sulfite,No artificials""}]",https://i5.walmartimages.com/asr/4e358207-1be0-4d61-9370-3ed91bdeb5d4.e47e452478b9c51543d8461a4d363353.jpeg?odnHeight=2000&odnWidth=2000&odnBg=ffffff | https://i5.walmartimages.com/asr/281202d9-c26f-41fa-85bd-fd10666e4000.b454523977a9c979e62e266dc069e777.jpeg?odnHeight=2000&odnWidth=2000&odnBg=ffffff | https://i5.walmartimages.com/asr/29f84ad1-7c3e-4d0c-b415-856f238d3227.c0eb50c9dedc8e9dfc661d3d0de30619.jpeg?odnHeight=2000&odnWidth=2000&odnBg=ffffff | https://i5.walmartimages.com/asr/24f2d23c-d3ab-4e18-9c16-7e8043d398c2.0095babeb9566db2ec61b50a57279c89.jpeg?odnHeight=2000&odnWidth=2000&odnBg=ffffff | https://i5.walmartimages.com/asr/1351e6ec-0606-4c29-8d60-8777fb5b6692.abf64b9b7e8376003952cec399329430.jpeg?odnHeight=2000&odnWidth=2000&odnBg=ffffff | https://i5.walmartimages.com/asr/fd3de227-147e-4518-9da6-8477ff53ad40.d79469bea3a0e9cda9e9cf0fa683f42b.jpeg?odnHeight=2000&odnWidth=2000&odnBg=ffffff | https://i5.walmartimages.com/asr/252aaebf-8bb6-4408-8658-d34d4a1677d2.d781efab43c6334f668a98d666e4dd4e.jpeg?odnHeight=2000&odnWidth=2000&odnBg=ffffff,7,Sold by Walmart,"Crust (wheat flour, water, sugar, corn meal,  wheat gluten, soya oil, yeast, salt, modified palm oil, DATEM, baking soda, mineral oil, sunflower lecithin, ascorbic acid, glucoamylase, glucose oxidase, xylanase), Part-skim mozzarella cheese (partly skimmed milk, bacterial culture, salt, microbial enzyme), Sauce (water, tomato paste, soya oil, salt, garlic, spices and herbs), Spicy seasoned chicken (chicken, water, salt, rice starch, sugars [dextrose], seasoning [soy, wheat], sodium phosphates, spice, red pepper), Red and green bell pepper, Onion.","No egg,No fish,No mustard,No sesame,No shellfish,No sulfite,No artificials",Add to Cart; Find in Store,4.1,25,,
Walmart Canada,Frozen,Meatless Alternatives,walmart.ca,https://www.walmart.ca/en/ip/great-value-wild-pacific-pink-salmon/6000200804186,,213 g,"Walmart.ca > Grocery > Frozen Food > Frozen Meat, Seafood & Alternatives > Frozen Fish & Seafood",Great Value,Great Value Wild Pacific Pink Salmon,SKU:6000200804187,UPC:68113134053,ID:6000200804186,Walmart Item #:30240652,$3.27,,,,$1.54/100GR,Great Value Wild Pacific Pink Salmon,"• Source of Omega-3 polyunsaturates
• Product of Thailand","[{""Product Type"":""Salmon""},{""Flavour"":""Not Applicable""},{""Cut"":""Fillets""},{""Singleserve"":""No""},{""Storage Type"":""Frozen""},{""Walmart Exclusive"":""Yes""},{""International Foods"":""Thai""},{""Clearout Deal"":""No""},{""Lifestyle\/Dietary Need"":""No artificials,No added sugars,Paleo-friendly,Whole30-friendly""}]",https://i5.walmartimages.ca/images/Enlarge/340/533/681131340533.jpg | https://i5.walmartimages.ca/images/Enlarge/33_/nft/681131340533_NFT.jpg | https://i5.walmartimages.ca/images/Enlarge/33_/nft/681131340533_NFT.jpg,3,Sold by Walmart,"Pink salmon, salt. Contains: Fish (Salmon)","No artificials,No added sugars,Paleo-friendly,Whole30-friendly",Add to Cart; Find in Store,4,1,,
Walmart Canada,Frozen,Meatless Alternatives,walmart.ca,https://www.walmart.ca/en/ip/great-value-garlic-parmesan-dry-rub-chicken-wings/6000200244757,,825 g (700 g wings),"Walmart.ca > Grocery > Frozen Food > Frozen Meat, Seafood & Alternatives > Frozen Chicken & Turkey",Great Value,Great Value Garlic Parmesan Dry Rub Chicken Wings,SKU:6000200244758,UPC:68113134112,ID:6000200244757,Walmart Item #:30346290,$9.97,,,,$1.21/100GR,"Fully cooked wings with a Garlic Parmesan dry rub make these a delicious choice for wing night dinners or snacks.  Bake them, toss them with the dry rub, and then dip them in the marinara sauce provided for a perfect finish.","• Fully cooked
• 16% meat protein
• Breaded, cut-up
• Seasoned
• Tips removed
• Bake, toss then dip
• Rub and sauce included
• A fun way to eat your wings
• Quick and easy","[{""Product Type"":""Wings""},{""Cut"":""Wings""},{""Singleserve"":""No""},{""Storage Type"":""Frozen""},{""Walmart Exclusive"":""Yes""},{""Clearout Deal"":""No""},{""Lifestyle\/Dietary Need"":""""}]",https://i5.walmartimages.ca/images/Enlarge/659/672/6000203659672.jpg | https://i5.walmartimages.ca/images/Enlarge/659/671/6000203659671.jpg,2,Sold by Walmart,"Breaded chicken wings: Chicken wings (winglets and drumettes) • Water • Enriched wheat flour • Soybean oil • Salt • Sugars (dextrose) • Sodium tripolyphosphate • Onion powder • Garlic powder • Flavour • Spice. Contains: Wheat. May contain: Sesame • Eggs • Soy • Mustard. Marinara dipping sauce: Water • Tomato paste • Tomatoes (tomatoes, tomato juice, citric acid, calcium chloride) • Salt • Onions • Modified corn starch • Sugar • Vinegar • Garlic • Canola oil • Spices • Herbs • Citric acid • Potassium sorbate • Sodium benzoate. Garlic parmesan rub: Sugars (corn maltodextrin, sugar) • Parmesan cheese • Dehydrated garlic • Onion powder • Buttermilk powder • Salt • Yeast extract • Corn starch • Flavour• Spice • Silicon dioxide • Canola oil. Contains: Milk.",,Add to Cart; Find in Store,3,4,,
Walmart Canada,Frozen,Meatless Alternatives,walmart.ca,https://www.walmart.ca/en/ip/keg-steakhouse-bar-bbq-pork-back-ribs/6000197873213,,,"Walmart.ca > Grocery > Frozen Food > Frozen Meat, Seafood & Alternatives > Frozen Pork",Keg Steakhouse & Bar,Keg Steakhouse & Bar BBQ Pork Back Ribs,SKU:6000197873214,UPC:69567600620,ID:6000197873213,Walmart Item #:30595468,$15.97,,,,$2.28/100GR,"Enjoy our fall-of-the-bone succulent ribs at home.. Made the KEG way! Our BBQ Pork Ribs are slowly braised, naturally wood smoked, fully cooked and ready to heat on the grill or in the oven!","• Cook on BBQ/ Grill
• Defrost before heating
• Heat to a minimum internal temperature of 165 °F/74 °C before consuming","[{""Cut"":""Other""},{""Product Type"":""Other""},{""Storage Type"":""Frozen""},{""Clearout Deal"":""No""},{""Lifestyle\/Dietary Need"":""""}]",https://i5.walmartimages.ca/images/Enlarge/006/205/999999-695676006205.jpg | https://i5.walmartimages.ca/images/Enlarge/620/5_1/999999-695676006205_1.jpg | https://i5.walmartimages.ca/images/Enlarge/620/5_2/999999-695676006205_2.jpg,3,Sold by Walmart,"Pork back ribs, Smoke. Sauce: Water, Tomato Paste, Sugar, White Vinegar, Brown Sugar, Modified Corn Starch, Dehydrated garlic & onion, Salt, Hydrolyzed Soy Protein, Spices & spice extracts (contains Soy Lecithin), Mustard Flour, Caramel, Potassium Sorbate, Sodium Benzoate, Xanthan Gum. Allergens: Mustard, Soy.",,Not Sold;,3.7,3,,
Walmart Canada,Frozen,Meatless Alternatives,walmart.ca,https://www.walmart.ca/en/ip/gardein-meat-free-chipotle-lime-crispy-fingers/6000195508468,,270 g,"Walmart.ca > Grocery > Frozen Food > Frozen Meat, Seafood & Alternatives > Frozen Plant-based Proteins",Gardein,Gardein Meat-free Chipotle Lime Crispy Fingers,SKU:6000195508469,UPC:84223400089,ID:6000195508468,Walmart Item #:30442051,$5.27,,,,,"Deliciously meat-free crispy fingers with a crunchy coating with hints of lime and chipotle. Enjoy with dips, sliced in a wrap or as a protein added to your salad.",,"[{""Storage Type"":""Frozen""},{""Product Type"":""Other""},{""Lifestyle and Dietary Claims"":""11""},{""Batteries Included"":""N""},{""Clearout Deal"":""No""},{""Lifestyle\/Dietary Need"":""No egg,No fish,No milk,No sesame,No shellfish,No lactose,Kosher,Vegan-friendly,Vegetarian-friendly""}]",https://i5.walmartimages.com/asr/c54b5ec8-4ee0-40f1-b98b-70b2b139d0a3.e29a7b5c1d5ccaddc91f829b685a793b.jpeg?odnHeight=2000&odnWidth=2000&odnBg=ffffff | https://i5.walmartimages.com/asr/5d570f1a-1d4c-4a9a-bca6-8132885ae515.6fb924602df2e56fa4db875d847a2e05.jpeg?odnHeight=2000&odnWidth=2000&odnBg=ffffff,2,Sold by Walmart,"water, wheat flour, soy protein isolate, canola oil, wheat gluten, corn meal, methylcellulose, ancient grain flour (kamut, amaranth, millet, quinoa), yeast extract, dipotassium phosphate, sugar, colour, seasoning (yeast extract, maltodextrin, natural flavour, onion powder, spices), maltodextrin, potato starch, natural flavours, sea salt, cane sugar, salt, red bell pepper flakes, soy sauce (water, soybeans, salt), modified cornstarch, spices, rice flour, white vinegar, dried lemon peel, dextrin, gum arabic, garlic powder, yeast, onion powder, lime juice powder (maltodextrin, lime juice solids, natural flavour), tomato powder, citric acid, pea protein, baking powder, chipotle chili powder, carrot powder, sugar beet fibre, soybean oil, vitamins and minerals (maltodextrin, magnesium oxide, ferric orthophosphate, niacinamide, zinc oxide, vitamin b12, calcium pantothenate, pyridoxine hydrochloride, thiamine hydrochloride, riboflavin). Contains: soy, wheat, barley.","No egg,No fish,No milk,No sesame,No shellfish,No lactose,Kosher,Vegan-friendly,Vegetarian-friendly",Add to Cart; Find in Store,4.6,66,,
Walmart Canada,Drinks,Soft Drinks/Sodas,walmart.ca,https://www.walmart.ca/en/ip/schweppes-ginger-ale-12-x-355-ml-cans/6000196027123,,12x355mL,Walmart.ca > Grocery > Drinks > Soft Drinks > Other Soft Drinks,Schweppes,"Schweppes Ginger Ale, 12 x 355 mL cans",SKU:6000196027124,UPC:1660012002,ID:6000196027123,Walmart Item #:9237833,$5.47,,,,$0.13/100ML,"Nothing quenches thirst quite like the refreshingly crisp, bright ginger flavour of Schweppes* Ginger Ale, a taste tradition since 1783. This convenient 12-pack of 355 mL cans is ideal for sharing bubbles of fun!","•12 x 355 mL cans
•Versatile mixer
•Bright, refreshing ginger taste
•Perfect for get-togethers","[{""Flavour"":""Ginger Ale""},{""Singleserve"":""No""},{""Storage Type"":""Shelf""},{""Clearout Deal"":""No""},{""Lifestyle\/Dietary Need"":""No egg,No fish,No milk,No mustard,No sesame,No shellfish,No soy,No sulfite,No wheat,No lactose,Vegan-friendly,Vegetarian-friendly""}]",https://i5.walmartimages.ca/images/Enlarge/741/497/6000202741497.jpg | https://i5.walmartimages.ca/images/Enlarge/741/498/6000202741498.jpg | https://i5.walmartimages.ca/images/Enlarge/741/500/6000202741500.jpg | https://i5.walmartimages.ca/images/Enlarge/850/656/6000201850656.jpg | https://i5.walmartimages.ca/images/Enlarge/374/290/6000203374290.jpg | https://i5.walmartimages.ca/images/Enlarge/850/657/6000201850657.jpg | https://i5.walmartimages.ca/images/Enlarge/24_/nft/16600120024_NFT.jpg | https://i5.walmartimages.ca/images/Enlarge/24_/nft/16600120024_NFT.jpg,8,Sold by Walmart,"CARBONATED WATER, SUGAR/GLUCOSE-FRUCTOSE, CITRIC ACID, SODIUM BENZOATE, COLOUR, NATURAL FLAVOUR.","No egg,No fish,No milk,No mustard,No sesame,No shellfish,No soy,No sulfite,No wheat,No lactose,Vegan-friendly,Vegetarian-friendly",Add to Cart; Find in Store,4.5,63,,
Walmart Canada,Frozen,Pizzas,walmart.ca,https://www.walmart.ca/en/ip/pillsbury-pizza-pops-hawaiian-pizza-snacks/6000135667475,,"4 pizza snacks, 400 g",Walmart.ca > Grocery > Frozen Food > Frozen Pizza,Pillsbury,Pillsbury Pizza Pops Hawaiian Pizza Snacks,SKU:10284459,UPC:6905220439,ID:6000135667475,Walmart Item #:30366501,$2.64,,,,$0.66/100GR,Golden Pillsbury Pizza Pops loaded with awesome stuff! Packed with pizza goodness for a serious way to satisfy everyone’s pizza craving! Perfect for a quick microwaveable office snack or baked in the oven for a crispy cafeteria treat!,"• The perfect after-school snack for kids!
• Canada’s Best Selling Pizza Snack!
• Try all 7 great flavours to meet all your pizza cravings
• Try our Crispy Crust for a bigger pizza meal!
• Box contains: 4 pizza snacks","[{""Product Type"":""Handhelds & Pockets""},{""Storage Type"":""Frozen""},{""Clearout Deal"":""No""},{""Lifestyle\/Dietary Need"":""No egg,No fish,No sesame,No shellfish,No soy,No sulfite""}]",https://i5.walmartimages.ca/images/Enlarge/204/392/999999-69052204392.jpg | https://i5.walmartimages.ca/images/Enlarge/390/8_1/1043908_1.jpg | https://i5.walmartimages.ca/images/Enlarge/778/334/6000201778334.jpg | https://i5.walmartimages.ca/images/Enlarge/778/335/6000201778335.jpg | https://i5.walmartimages.ca/images/Enlarge/778/336/6000201778336.jpg | https://i5.walmartimages.ca/images/Enlarge/778/338/6000201778338.jpg,6,Sold by Walmart,"ENRICHED WHEAT FLOUR, WATER, PIZZA TOPPING (WATER, PALM OIL, MODIFIED POTATO STARCH, RENNET CASEIN, MODIFIED CORN STARCH, SODIUM CITRATE, POTASSIUM CHLORIDE, LACTIC ACID, SODIUM ALUMINUM PHOSPHATE, SALT, SODIUM PHOSPHATE, CARRAGEENAN, NATURAL FLAVOUR [CONTAINS MODIFIED MILK INGREDIENTS], COLOUR), PINEAPPLE (CONTAINS SUGAR, CITRIC ACID), CANOLA OIL, COOKED BACON, CONCENTRATED TOMATO PASTE, SUGAR, SALT, MODIFIED CORN STARCH, DEXTROSE, SODIUM STEAROYL-2-LACTYLATE, BAKING SODA, SODIUM ALUMINUM PHOSPHATE, METHYLCELLULOSE, SPICES, CITRIC ACID, HIGH MONOUNSATURATED CANOLA OIL, MONOCALCIUM PHOSPHATE, MALIC ACID, NATURAL FLAVOUR, GARLIC EXTRACT, GLUTAMIC ACID, AUTOLYZED YEAST EXTRACT, TOMATO POWDER, ONION EXTRACT, STEVIA EXTRACT. CONTAINS WHEAT AND MILK INGREDIENTS.","No egg,No fish,No sesame,No shellfish,No soy,No sulfite",Add to Cart; Find in Store,4.5,2,,
Walmart Canada,Frozen,Pizzas,walmart.ca,https://www.walmart.ca/en/ip/delissio-thin-crispy-crust-4-meat-pizza-525-g/6000200999878,,525 GR,Walmart.ca > Grocery > Frozen Food > Frozen Pizza,Delissio,DELISSIO® Thin Crispy Crust 4 Meat Pizza 525 g,SKU:6000200999879,UPC:7192100440,ID:6000200999878,Walmart Item #:30717874,$4.97,,,,$497/100GR,"We all know that crispiness is irresistible. So, why not have more of what we love? DELISSIO® Thin Crispy Crust 4 Meat Pizza is crispier than ever – with its thin crust topped by juicy pepperoni, Italian sausage, smoky ham, crispy bacon, and creamy part-skim mozzarella. Each bite is packed with mouth-watering deliciousness and ooey-gooey cheesiness. Each square-shaped pizza is easy to slice and made with only high-quality ingredients, and no artificial flavours. You’re guaranteed to satisfy your perfect pizza craving every time you open the oven door. After all, IT’S NOT DELIVERY. IT’S DELISSIO®!","• Pizza covered in a blend of delicious toppings that meat-lovers crave – Italian sausage, smoky ham, pepperoni, and crispy bacon all on top of a thin, extra-crispy crust
• New crispier crust!
• Made with only high-quality ingredients
• Contains no artificial flavours, only pure tastiness
• Cooks great on the BBQ for a delicious summertime meal","[{""Product Type"":""Meat""},{""Storage Type"":""Frozen""},{""Batteries Included"":""N""},{""Features"":""\u2022 Pizza covered in a blend of delicious toppings that meat-lovers crave \u2013 Italian sausage""},{""Features"":"" smoky ham""},{""Features"":"" pepperoni""},{""Features"":"" and crispy bacon all on top of a thin""},{""Features"":"" extra-crispy crust<br>\u2022 New crispier crust!<br>\u2022 Made with only high-quality ingredients<br>\u2022 Contains no artificial flavours""},{""Features"":"" only pure tastiness<br>\u2022 Cooks great on the BBQ for a delicious summertime meal""},{""Clearout Deal"":""No""},{""Lifestyle\/Dietary Need"":""""}]",https://i5.walmartimages.com/asr/4b59e681-9365-48b8-9c36-024d6b4d8ddb.3a938aad1c155135f5807e3256497a9c.jpeg?odnHeight=2000&odnWidth=2000&odnBg=ffffff | https://i5.walmartimages.com/asr/f377b190-faea-407b-bb3a-962043bfeee5.ad53bac172ea25c49ced532546208abe.jpeg?odnHeight=2000&odnWidth=2000&odnBg=ffffff | https://i5.walmartimages.com/asr/197baa4a-a8a2-46da-b296-22a92b0922f6.cf5ba1e282564f9dc27e05dedf563634.jpeg?odnHeight=2000&odnWidth=2000&odnBg=ffffff | https://i5.walmartimages.com/asr/90afc005-601e-42e5-a3fe-2bc1d2a3b024.5eed0d6fc6c9689440f7c243265e45b4.jpeg?odnHeight=2000&odnWidth=2000&odnBg=ffffff | https://i5.walmartimages.com/asr/7e5c5be7-14ec-43f1-9f52-d6281a0f81c3.b28a1e93d501976c86ccf17f3e419568.jpeg?odnHeight=2000&odnWidth=2000&odnBg=ffffff | https://i5.walmartimages.com/asr/814737dd-c309-48c3-a68b-4316aed35ca3.793ec80ae68ea10e0e2099ae6cdd9301.jpeg?odnHeight=2000&odnWidth=2000&odnBg=ffffff,6,Sold by Walmart,Crust (Wheat Flour,,Add to Cart; Find in Store,4,21,,
Walmart Canada,Frozen,Meatless Alternatives,walmart.ca,https://www.walmart.ca/en/ip/yves-veggie-cuisine-vegan-spicy-italian-veggie-sausages/6000195497394,,"380 g, Veggie Sausages","Walmart.ca > Grocery > Meat, Seafood & Alternatives > Tofu & Plant-Based Proteins",Yves,Yves Veggie Cuisine Vegan Spicy Italian Veggie Sausages,SKU:6000195497395,UPC:6082200026,ID:6000195497394,Walmart Item #:30942156,$5.97,$4.97,,$Rollback,$4.97/1EA,"Looking for an alternative to high-fat sausages? These veggie sausages are made with a spicy blend of traditional Italian flavours. Eat them straight off the grill, or use them in your favourite sauces and recipes.","Meat Alternatives
Kosher
Non-Dairy Options
Vegan
Vegetarian
Source of Energy
No Trans Fat
Cholesterol Free
Good Source of Protein
No Artificial Colours and Flavours
Free of Artificial Preservatives
No Peanuts in this Product","[{""Storage Type"":""Refrigerate""},{""Clearout Deal"":""No""},{""Lifestyle\/Dietary Need"":""No egg,No fish,No milk,No sesame,No shellfish,No sulfite,No lactose,No artificials,Kosher,Vegan-friendly,Vegetarian-friendly""}]",https://i5.walmartimages.ca/images/Enlarge/200/026/999999-06082200026.jpg | https://i5.walmartimages.ca/images/Enlarge/rit/ion/999999-06082200026 Nutrition.jpg,2,Sold by Walmart,"Water, soy protein, wheat gluten, textured soy protein, canola oil, seasoning, spices, natural flavours, cane sugar, modified cellulose, red pepper, carrageenan (from seaweed), wheat starch, natural liquid smoke, salt, yeast extract, potassium chloride, beetroot powder, vitaim and mineral blend. Contains soy, wheat, mustard and barley.","No egg,No fish,No milk,No sesame,No shellfish,No sulfite,No lactose,No artificials,Kosher,Vegan-friendly,Vegetarian-friendly",Add to Cart; Find in Store,3.8,9,,1
Walmart Canada,Frozen,Pizzas,walmart.ca,https://www.walmart.ca/en/ip/dr-oetker-giuseppe-pizzeria-thin-crust-4-meat/6000197558473,,494 g,Walmart.ca > Grocery > Frozen Food > Frozen Pizza,Dr.Oetker,Dr. Oetker Giuseppe Pizzeria Thin Crust 4 Meat,SKU:6000197558474,UPC:5833635060,ID:6000197558473,Walmart Item #:30790683,$5.97,,,,$1.21/100GR,"Bring home the taste and smell of your favourite Pizzeria, bring home Giuseppe!

This meat lovers pizza is deliciously topped with Pepperoni, Ham, Bacon and Seasoned Beef.",,"[{""Product Type"":""Meat""},{""Storage Type"":""Frozen""},{""Clearout Deal"":""No""},{""Lifestyle\/Dietary Need"":""No egg,No fish,No sesame,No shellfish,No sulfite""}]",https://i5.walmartimages.ca/images/Enlarge/057/123/6000198057123.jpg,1,Sold by Walmart,"CRUST : ENRICHED WHEAT FLOUR, WATER, WHEAT GLUTEN,SOYA AND/OR CANOLA OIL, YEAST, VEGETABLE OIL SHORTENING (PALM, SOYA, COTTONSEED AND CANOLA OIL), SUGAR, BAKING POWDER, SOY LECITHIN, SALT, NATURAL FLAVOUR. SAUCE : WATER, TOMATO PUREE, TOMATO PASTE, SUGAR, SALT, CORN STARCH, SPICES (MUSTARD) AND HERBS, GARLIC POWDER, ONION POWDER. TOPPINGS : PEPPERONI (PORK AND/OR BEEF, WATER, SALT, SPICES (MUSTARD), SUGAR, SODIUM ERYTHORBATE, GARLIC POWDER, SMOKE FLAVOUR, BACTERIAL CULTURE, SODIUM NITRITE), COOKED HAM, (PORK, WATER, SALT, SUGAR, SODIUM LACTATE, SODIUM PHOSPHATES, SODIUM DIACETATE, SODIUM ERYTHORBATE, SODIUM NITRITE), BACON (PORK, WATER, SEA SALT, CANE SUGAR, CULTURED CELERY EXTRACT*, FLAVOUR, SMOKE), COOKED SEASONED BEEF (BEEF, SALT, FLAVOUR). CHEESE : MOZZARELLA CHEESE (MILK INGREDIENTS, MODIFIED MILK INGREDIENTS, BACTERIAL CULTURE, SALT, CALCIUM CHLORIDE, MICROBIAL ENZYME), CORN STARCH CONTAINS : WHEAT, MILK, SOY, MUSTARD. *CULTURED CELERY EXTRACT CONTAINS NATURALLY OCCURRING NITRITES","No egg,No fish,No sesame,No shellfish,No sulfite",Add to Cart; Find in Store,0,,,
Walmart Canada,Frozen,Pizzas,walmart.ca,https://www.walmart.ca/en/ip/great-value-spicy-sicilian-style-thin-crust-pizza/6000197492299,,351 g,Walmart.ca > Grocery > Frozen Food > Frozen Pizza,Great Value,Great Value Spicy Sicilian-Style Thin Crust Pizza,SKU:6000197492300,UPC:62891556189,ID:6000197492299,Walmart Item #:31434371,$3.27,,,,$327/100GR,"Be the hero in your kitchen, with this delicious Great Value Thin Crust Pizza in the freezer for a dinner that takes little time to prepare and gets top scores from your family and friends. This Spicy Sicilian Style Pizza has mozzarella cheese, pork sausage crumble, sliced genoa salami and hot banana peppers, which will make every bite rich and indulgent!","•Made with part skim mozzarella cheese, pork sausage crumble, sliced genoa salami and hot banana peppers
•Free from artificial flavours and colours","[{""Product Type"":""Meat""},{""Storage Type"":""Frozen""},{""Walmart Exclusive"":""Yes""},{""Clearout Deal"":""No""},{""Lifestyle\/Dietary Need"":""""}]",https://i5.walmartimages.ca/images/Enlarge/951/707/6000197951707.jpg,1,Sold by Walmart,.,,Add to Cart; Find in Store,2.5,6,,
Walmart Canada,Frozen,Pizzas,walmart.ca,https://www.walmart.ca/en/ip/great-value-triple-chocolate-thin-crust-pizza/6000199206844,,310 g,Walmart.ca > Grocery > Frozen Food > Frozen Pizza,Great Value,Great Value Triple Chocolate Thin Crust Pizza,SKU:6000199206845,UPC:62891582901,ID:6000199206844,Walmart Item #:30747881,$3.27,,,,$327/100GR,"Have you ever had pizza for dessert? Now you can with Great Value Thin Crust Triple Chocolate Pizza. This luscious treat features a thin chocolate crust topped with a dark chocolatey sauce and a trio of milk, dark and white chocolate pieces. No matter how you slice it, this incredible pizza is a perfectly sweet finish to any meal.","• Dark chocolatey sauce made with Belgian chocolate & topped with milk, dark & white chocolate pieces 
• Cook time: 11 minutes
• Made in Canada from domestic and imported ingredients
• Free from artificial flavours and colours","[{""Product Type"":""Other""},{""Storage Type"":""Frozen""},{""Walmart Exclusive"":""Yes""},{""Lifestyle\/Dietary Need"":""Vegetarian-friendly""}]",https://i5.walmartimages.ca/images/Enlarge/800/312/6000199800312.jpg | https://i5.walmartimages.ca/images/Enlarge/901/3_1/628915829013_1.jpg | https://i5.walmartimages.ca/images/Enlarge/13_/nft/628915829013_NFT.jpg,3,Sold by Walmart,"Crust: enriched wheat flour, water, canola oil, cocoa powder, sugar, yeast, salt, guar gum. Sauce: dark chocolatey sauce (water, belgian chocolate [cocoa liquor, sugar, cocoa butter, soy lecithin, natural vanilla flavour], dextrose, corn syrup [contains sulphites], sorbitol, condensed skim milk [milk ingredients, sugar], modified corn starch, cocoa powder, sodium alginate, salt, glucono-delta-lactone, potassium sorbate, sodium hexametaphosphate, polysorbate 60), water, brown sugar. Toppings: milk chocolate chips (sugar, chocolate liquor, milk ingredients, cocoa butter, soy lecithin, salt, natural vanilla flavour), dark chocolate chunks (sugar, chocolate liquor, cocoa butter, sunflower lecithin, vanilla), white chocolate chips (sugar, cocoa butter, milk ingredients, soy lecithin, vanilla extract). Contains: milk, soy, wheat. May contain: eggs, mustard.",Vegetarian-friendly,Add to Cart; Find in Store,4,1,,
Walmart Canada,Frozen,Meatless Alternatives,walmart.ca,https://www.walmart.ca/en/ip/yves-veggie-bacon-strips/6000199702396,,"156 g, Vegan Bacon","Walmart.ca > Grocery > Meat, Seafood & Alternatives > Tofu & Plant-Based Proteins",Yves,Yves Veggie Bacon Strips,SKU:6000199702397,UPC:6082200114,ID:6000199702396,Walmart Item #:31175061,$3.97,,,,,"FRESHNESS GUARANTEED
You want the freshest for your family and so do we. We've trained our Associates
to pick the best and freshest products to meet your expectations. Satisfaction guaranteed* or your money back!
*Terms and conditions apply. See the Online Grocery Help page at Walmart.ca for details.","Cholesterol free
Low in fat","[{""Storage Type"":""Refrigerate""},{""Clearout Deal"":""No""},{""Lifestyle\/Dietary Need"":""No egg,No fish,No milk,No sesame,No shellfish,No sulfite,No lactose,No artificials,Kosher,Vegan-friendly,Vegetarian-friendly""}]",https://i5.walmartimages.ca/images/Enlarge/799/326/6000199799326.jpg,1,Sold by Walmart,"Water, soy protein, wheat gluten, canola oil, natural flavours, wheat starch, yeast extract, salt, natural liquid smoke, cane sugar, beetroot powder, vitamin and mineral blend. Contains soy, wheat, mustard and barley.","No egg,No fish,No milk,No sesame,No shellfish,No sulfite,No lactose,No artificials,Kosher,Vegan-friendly,Vegetarian-friendly",Add to Cart; Find in Store,5,2,,1
Walmart Canada,Frozen,Pizzas,walmart.ca,https://www.walmart.ca/en/ip/delissio-rising-crust-pizza-pepperoni/6000194233880,,788 GR,Walmart.ca > Grocery > Frozen Food > Frozen Pizza,Delissio,DELISSIO Rising Crust Pizza Pepperoni,SKU:6000194233881,UPC:7192188364,ID:6000194233880,Walmart Item #:30875829,$5.44,,,,$0.69/100GR,"There’s nothing quite like a classic rising crust pizza topped with your favourite ingredients. DELISSIO® Rising Crust Pizza Pepperoni (788 g) tops a high-rising, thick crust with pepperoni and cheese – the most famous toppings of them all! Whether treating yourself or pleasing a crowd, the soft and fluffy crust with a crispy outside makes every night an irresistible pizza night. Made with high quality ingredients, it’s no wonder DELISSIO® is the Most Trusted Frozen Pizza Brand in Canada*. It’s easy to cook up a delish pizza that tastes just like delivery. It’s not delivery, It’s DELISSIO!® *BrandSpark International inc. 2017/2018","• A classic, thick crust with a fluffy inside, topped with pepperoni and cheese
• Made with only quality ingredients, DELISSIO® is the Most Trusted Frozen Pizza Brand in Canada*
• Quick and easy way to turn any night into a mouth-watering pizza night – perfect for a night in, pleasing the crowd, or a tasty appetizer
• Add your favourite ingredients for your own pizza personalization
• The only door you need to open is your oven. It’s not delivery, it’s DELISSIO!®","[{""Singleserve"":""No""},{""Storage Type"":""Frozen""},{""Product Type"":""Pepperoni""},{""Batteries Included"":""N""},{""Features"":""\u2022 A classic""},{""Features"":"" thick crust with a fluffy inside""},{""Features"":"" topped with pepperoni and cheese<br>\u2022 Made with only quality ingredients""},{""Clearout Deal"":""No""},{""Lifestyle\/Dietary Need"":""No egg,No fish,No sesame,No shellfish,No sulfite,No artificials""}]",https://i5.walmartimages.com/asr/9571cb2c-211b-4833-ae15-167efad9feb2.e2e0d795ec4c9c93230a4fff62a1f9b6.jpeg?odnHeight=2000&odnWidth=2000&odnBg=ffffff | https://i5.walmartimages.com/asr/34ea2cc2-4488-4ee8-993e-cf039708fbda.97e57ea2c2a76123264a300f0571ad5d.jpeg?odnHeight=2000&odnWidth=2000&odnBg=ffffff | https://i5.walmartimages.com/asr/aeed4b86-1b51-4a29-b632-40998a362e19.5cb1dd773855b700b8d86284ecabc60b.jpeg?odnHeight=2000&odnWidth=2000&odnBg=ffffff | https://i5.walmartimages.com/asr/6f3d7b6d-9a6a-4cef-8c82-59698073bb0b.8f4719626057d20ecc32d45320367a7b.jpeg?odnHeight=2000&odnWidth=2000&odnBg=ffffff | https://i5.walmartimages.com/asr/8a4d58b5-1be5-4b79-831b-136c6a2022c4.c2be9f1bf1222b16e0b52c622ffc2519.jpeg?odnHeight=2000&odnWidth=2000&odnBg=ffffff | https://i5.walmartimages.com/asr/af2be4df-a335-4e4a-9b7f-a73fd4978f4b.84051170e00705b0224f5ae87dcbd815.jpeg?odnHeight=2000&odnWidth=2000&odnBg=ffffff | https://i5.walmartimages.com/asr/fdc19744-92d1-4de9-bc3d-df91018eb943.50c8bda53db65986cf7443f32b4e75bd.jpeg?odnHeight=2000&odnWidth=2000&odnBg=ffffff,7,Sold by Walmart,"Crust (wheat flour, water, sugar, corn meal, wheat gluten, soy oil, yeast, salt, modified palm oil, DATEM, baking soda, mineral oil, sunflower lecithin, ascorbic acid, glucoamylase, glucose oxidase, xylanase), Part-skim mozzarella cheese (partly skimmed milk, bacterial culture, salt, microbial enzyme), Sauce (water, tomato paste, soya oil, salt, garlic, spices and herbs), Pepperoni (mustard), Salt.","No egg,No fish,No sesame,No shellfish,No sulfite,No artificials",Add to Cart; Find in Store,3.6,76,,
Walmart Canada,Frozen,Meatless Alternatives,walmart.ca,https://www.walmart.ca/en/ip/lightlife-smart-tenders-plant-based-chicken/6000198587602,,170 g,"Walmart.ca > Grocery > Meat, Seafood & Alternatives > Tofu & Plant-Based Proteins",Lightlife,Lightlife Smart Tenders Plant-Based Chicken,SKU:6000198587603,UPC:4345400043,ID:6000198587602,Walmart Item #:31586707,$3.97,,,,,"Lightlife® Smart Tenders™ Plant-Based Chicken is a delicious and nutritious meat alternative for a wide variety of dishes, making it easy to enjoy a classic mealtime staple without the guilt. These plant-based vegan chicken tenders have 14 grams of protein per serving and cook up nicely in a skillet, delivering hearty vegan protein the entire family will enjoy and feel good about eating. Try Smart Tenders™ Plant-Based Chicken in fajitas, sliced up on top of salads, or served with dipping sauce alongside your favourite vegetables and sides for a complete meal. For over 40 years, the Lightlife® brand has been committed to creating delicious and nutritious plant-based meat alternatives and looking for ways to improve the impact we have on the planet.","PLANT-BASED VEGAN CHICKEN TENDERS: A classic mealtime staple made with plant-based ingredients
CERTIFIED VEGAN: Delicious chicken taste and texture without the guilt
A TASTY PLANT-BASED MEAT ALTERNATIVE: Enjoy the vegan chicken tenders in fajitas, pastas, salads, or served simply with dipping sauces
HIGH IN PROTEIN: 14g of protein per serving
DRIVEN BY SUSTAINABILITY: The Lightlife® brand is part of a carbon neutral company","[{""Storage Type"":""Refrigerate""},{""Clearout Deal"":""No""},{""Lifestyle\/Dietary Need"":""Vegan""}]",https://i5.walmartimages.ca/images/Enlarge/931/632/6000199931632.jpg | https://i5.walmartimages.ca/images/Enlarge/492/567/6000203492567.jpg | https://i5.walmartimages.ca/images/Enlarge/492/577/6000203492577.jpg | https://i5.walmartimages.ca/images/Enlarge/492/581/6000203492581.jpg | https://i5.walmartimages.ca/images/Enlarge/492/581/6000203492581.jpg,5,Sold by Walmart,"Tenders: water, wheat gluten, soy protein product, tapioca starch, wheat starch, methylcellulose, potato starch, salt, potassium chloride, sodium alginate, calcium sulphate, yeast extract, vitamin and mineral blend, natural flavour.  Savoury Rub:  Deheated mustard, sea salt, evaporated cane sugar, onions, spices, herbs, garlic, dried lemon peel, paprika, natural flavour",Vegan,Add to Cart; Find in Store,3.5,2,,
Walmart Canada,Frozen,Meatless Alternatives,walmart.ca,https://www.walmart.ca/en/ip/yves-italian-ground-round/6000065101998,,"340 g, Veggie Ground","Walmart.ca > Grocery > Meat, Seafood & Alternatives > Tofu & Plant-Based Proteins",Yves,Yves Italian Ground Round,SKU:10161926,UPC:6082200302,ID:6000065101998,Walmart Item #:9461625,$3.97,,,,$3.97/1EA,"As delicious and versatile as our original Veggie Ground Round but flavoured with Italian spices. Perfect for pasta sauces, lasagna, or any other Italian dish.","Meat Alternatives
Kosher
Non-Dairy Options
Health Check
Vegan
Vegetarian
Low Fat
No Saturated Fat
No Trans Fat
Cholesterol Free
Source of Fiber
Good Source of Protein
No Artificial Colours and Flavours
Free of Artificial Preservatives
No Peanuts in this Product","[{""Storage Type"":""Refrigerate""},{""Clearout Deal"":""No""},{""Lifestyle\/Dietary Need"":""No egg,No fish,No milk,No sesame,No shellfish,No sulfite,No lactose,No artificials,Kosher,Vegan-friendly,Vegetarian-friendly""}]",https://i5.walmartimages.ca/images/Enlarge/123/075/123075.jpg,1,Sold by Walmart,"Water, textured soy protein, natural flavours, malt extract, spices, salt, guar gum, cane sugar, dehydrated red bell pepper, yeast extract, potassium chloride, magnesium chloride, magnesium sulfate, vitamin and mineral blend. Contains soy, mustard and barley. Also not suitable for consumption by persons with an allergy to wheat.","No egg,No fish,No milk,No sesame,No shellfish,No sulfite,No lactose,No artificials,Kosher,Vegan-friendly,Vegetarian-friendly",Add to Cart; Find in Store,5,2,,1
Walmart Canada,Drinks,Coffee,walmart.ca,https://www.walmart.ca/en/ip/nabob-breakfast-blend-ground-coffee/6000196720822,,300g,Walmart.ca > Household Supplies & Pantry > Drinks > Coffee > Ground Coffee,Nabob,Nabob Breakfast Blend Ground Coffee,SKU:6000196720823,UPC:6020000175,ID:6000196720822,Walmart Item #:31324389,$6.47,,,,$2.16/100GR,"Nabob Breakfast Blend Ground Coffee is formulated to be the best first cup of coffee you've ever had. This 100% Arabica bean lighter-bodied blend is perfect for waking up in the early mornings, with a mellow, citrus flavour and bright earthy finish.","• One bag of Nabob Breakfast Blend Ground Coffee 
• Made with 100% Arabica beans
• Nabob Coffee is Rainforest Alliance Certified
• Expertly roasted for an incredibly smooth taste","[{""Product Type"":""Ground""},{""Decaffeinated"":""No""},{""Singleserve"":""No""},{""Storage Type"":""Shelf""},{""Clearout Deal"":""No""},{""Lifestyle\/Dietary Need"":""No egg,No fish,No milk,No mustard,No sesame,No shellfish,No soy,No sulfite,No wheat,No lactose,No artificials,No added sugars,Paleo-friendly,Vegan-friendly,Vegetarian-friendly,Whole30-friendly""}]",https://i5.walmartimages.ca/images/Enlarge/001/757/999999-00060200001757.jpg | https://i5.walmartimages.ca/images/Enlarge/552/569/6000200552569.jpg | https://i5.walmartimages.ca/images/Enlarge/552/570/6000200552570.jpg | https://i5.walmartimages.ca/images/Enlarge/316/651/6000202316651.jpg | https://i5.walmartimages.ca/images/Enlarge/316/640/6000202316640.jpg,5,Sold by Walmart,INGREDIENTS: 100% ARABICA COFFEE.,"No egg,No fish,No milk,No mustard,No sesame,No shellfish,No soy,No sulfite,No wheat,No lactose,No artificials,No added sugars,Paleo-friendly,Vegan-friendly,Vegetarian-friendly,Whole30-friendly",Add to Cart; Find in Store,4,39,,8
Walmart Canada,Frozen,Meatless Alternatives,walmart.ca,https://www.walmart.ca/en/ip/field-roast-chefs-signature-plant-based-burger/6000199713569,,368 g,"Walmart.ca > Grocery > Meat, Seafood & Alternatives > Tofu & Plant-Based Proteins",n/a,Field Roast Chef's Signature Plant-Based Burger,SKU:6000199713570,UPC:63803160650,ID:6000199713569,Walmart Item #:31656527,$6.97,,,,,"Delivering deep, savoury flavor, the Field Roast® Chef’s Signature Plant-Based Burger is not your ordinary veggie burger. These plant-based patties are handcrafted with garlic, fresh carrots, and onions, then seasoned to perfection for a delicious, high-protein vegan alternative that any burger connoisseur will enjoy. Cook up the vegan burgers on the grill or stovetop, in the oven, or even in the microwave, and then load them up with fixings or crumble them into chili and pasta dishes as a tasty plant-based protein. Pair with our Chao Vegan Creamery plant-based cheese slices for a deliciously creamy burger indulgence. Since 1997, the Field Roast® brand has crafted plant-based meats and cheeses from grains, fresh-cut vegetables, herbs, and spices, honouring our culinary roots to create authentic sensory experiences people crave.","FULLY COOKED PLANT-BASED BURGER PATTIES: A delicious plant-based protein alternative crafted with mushrooms, roasted garlic, and onions
VERSATILE PREPARATION: Cook the vegan burgers on the grill or stovetop, in the oven, or in the microwave
CERTIFIED VEGAN AND NON-GMO: Non-GMO Project Verified and Certified Vegan for delicious taste and texture without the guilt
HIGH IN PROTEIN: 21 grams of protein per serving
FOR ALL THE FLAVOUR TRAILBLAZERS: Dedicated to crafting bold flavour profiles, Field Roast® brand transforms everyday meals into seriously delicious creations","[{""Storage Type"":""Refrigerate""},{""Clearout Deal"":""No""},{""Lifestyle\/Dietary Need"":""No egg,No fish,No milk,No mustard,No sesame,No shellfish,No soy,No lactose,Vegan-friendly,Vegetarian-friendly""}]",https://i5.walmartimages.ca/images/Enlarge/955/823/6000199955823.jpg,1,Sold by Walmart,"Vital wheat gluten, filtered water, organic expeller pressed palm fruit oil, barley, garlic, expeller  pressed safflower oil, onions, tomato paste, celery, carrots, naturally flavoured yeast extract, onion powder, mushrooms, barley malt, sea salt, carrageenan (Irish moss sea vegetable extract), celery seed, balsamic vinegar, black pepper, shiitake mushrooms, porcini mushroom powder and yellow pea flour. Contains: wheat and barley.","No egg,No fish,No milk,No mustard,No sesame,No shellfish,No soy,No lactose,Vegan-friendly,Vegetarian-friendly",Add to Cart; Find in Store,4.8,20,,1
Walmart Canada,Frozen,Meatless Alternatives,walmart.ca,https://www.walmart.ca/en/ip/power-bowl-meatless-bef-stir-fry/6000201941102,,262G,"Walmart.ca > Grocery > Frozen Food > Frozen Meat, Seafood & Alternatives > Frozen Plant-based Proteins",Healthy Choice Gourmet Steamers,Power Bowl Meatless Be'f Stir Fry,SKU:6000201941103,UPC:7265500229,ID:6000201941102,Walmart Item #:30939589,$4.97,,,,$1.9/100GR,"There's something different (and delicious) inside this Power Bowl and it comes from plants. We switched things up with tender peices of Gardein plant-based be'f instead of regular beef. You won't believe the taste and texture. Whether you're going meatless or just eating less meat, this is a simple and satisfying swap.","- Made with plant-based Gardein
- Contains no meat
- Vegan","[{""Product Type"":""Meals""},{""Storage Type"":""Frozen""},{""Features"":""- Made with plant-based Gardein<br>- Contains no meat<br>- Vegan""},{""Batteries Included"":""N""},{""Clearout Deal"":""No""},{""Lifestyle\/Dietary Need"":""No egg,No fish,No milk,No shellfish,No lactose,No artificials,Vegan-friendly,Vegetarian-friendly""}]",https://i5.walmartimages.com/asr/9476c824-6cf4-430e-85f4-c405db2701ad.80dbf177af8eb2099463161f252a680e.jpeg?odnHeight=2000&odnWidth=2000&odnBg=ffffff | https://i5.walmartimages.com/asr/370bdf53-7209-40b3-b187-bb995ccd291f.4bf42f3b148a830341f640b9da1328b0.jpeg?odnHeight=2000&odnWidth=2000&odnBg=ffffff | https://i5.walmartimages.com/asr/de50d383-9052-40f7-9a8c-966ac03642c0.06e3f43cb5661580ba1a1c31aea2468a.jpeg?odnHeight=2000&odnWidth=2000&odnBg=ffffff | https://i5.walmartimages.com/asr/df7d2e89-85ec-4abf-9354-6cbe8fb9f28c.7b69b6b3944d3cc233f1dff0cd76ec0d.jpeg?odnHeight=2000&odnWidth=2000&odnBg=ffffff | https://i5.walmartimages.com/asr/53125680-4c21-4c80-8ed8-97bca4df0f37.8f39a3c8a936664ad3593f9e2e04fd7c.jpeg?odnHeight=2000&odnWidth=2000&odnBg=ffffff,5,Sold by Walmart,"Vegetable blend (sugar snap peas, carrots, broccoli, kale, swiss chard, spinach), Gardein Be'f bites (water, soy protein isolate, wheat gluten, onions, yeast extract, methylcellulose, canola oil, malt extract, vinegar, dipotassium phosphate, onion powder, cane sugar, garlic powder, salt, potato starch, pea protein, spices, natural flavours, vitamins and minerals [tapioca maltodextrin, magnesium oxide, ferric orthophosphate, niacinamide, zinc oxide, vitamin B12, calcium pantothenate, pyridoxine hydrochloride, thiamine hydrochloride, riboflavin, copper gluconate]), Cooked grain blend (water, brown rice, black barley, red quinoa, red rice), Sesame soy sauce (water, agave syrup, soy sauce, pineapple juice concentrate, ginger, rice vinegar, corn starch, chili paste, garlic, sesame oil, mushroom powder, molasses, salt, spice), Sesame seeds. Contains: Soy, Wheat, Barley, Sesame.","No egg,No fish,No milk,No shellfish,No lactose,No artificials,Vegan-friendly,Vegetarian-friendly",Add to Cart; Find in Store,2.5,2,,
Walmart Canada,Drinks,Soft Drinks/Sodas,walmart.ca,https://www.walmart.ca/en/ip/pepsi-zero-sugar-cola-710ml-bottles-6-pack/6000002414477,,6x710mL,Walmart.ca > Household Supplies & Pantry > Drinks > Soft Drinks > Cola,Pepsi,"Pepsi Zero Sugar Cola, 710mL Bottles, 6 Pack",SKU:207246,UPC:6900001383,ID:6000002414477,Walmart Item #:9235093,$3.97,,,,$0.09/100ML,Pepsi® Zero Sugar soft drink provides the bold taste of Pepsi® cola with zero sugar and zero calories. The perfect party sidekick - this 6-pack of 710 mL bottles is ideal for sharing with family and friends.,"• Pepsi® Zero Sugar cola
•Maximum taste of Pepsi® cola with zero sugar or calories.
•Perfect for any occasion or celebration.
•6-pack of 710 mL bottles is ideal for sharing with family and friends.","[{""Flavour"":""Cola""},{""Singleserve"":""No""},{""Storage Type"":""Shelf""},{""Clearout Deal"":""No""},{""Lifestyle\/Dietary Need"":""No egg,No fish,No milk,No mustard,No sesame,No shellfish,No soy,No sulfite,No wheat,No lactose,Kosher,No added sugars,Vegan-friendly,Vegetarian-friendly""}]",https://i5.walmartimages.ca/images/Enlarge/425/398/6000200425398.jpg | https://i5.walmartimages.ca/images/Enlarge/383/0_1/999999-69000013830_1.jpg | https://i5.walmartimages.ca/images/Enlarge/856/165/6000201856165.jpg | https://i5.walmartimages.ca/images/Enlarge/469/311/6000203469311.jpg | https://i5.walmartimages.ca/images/Enlarge/374/630/6000203374630.jpg | https://i5.walmartimages.ca/images/Enlarge/30_/nft/69000013830_NFT.jpg | https://i5.walmartimages.ca/images/Enlarge/30_/nft/69000013830_NFT.jpg,7,Sold by Walmart,"CARBONATED WATER, CARAMEL COLOUR, PHOSPHORIC ACID, ASPARTAME (124 mg/355 mL, CONTAINS PHENYLALANINE), CAFFEINE, POTASSIUM SORBATE, NATURAL FLAVOUR, ACESULFAME POTASSIUM (32 mg/355 mL), CITRIC ACID, PANAX GINSENG ROOT EXTRACT.","No egg,No fish,No milk,No mustard,No sesame,No shellfish,No soy,No sulfite,No wheat,No lactose,Kosher,No added sugars,Vegan-friendly,Vegetarian-friendly",Add to Cart; Find in Store,4.2,21,,1
Walmart Canada,Frozen,Meatless Alternatives,walmart.ca,https://www.walmart.ca/en/ip/gardein-original-breakfast-patties/6000200000028,,190 g,Walmart.ca > Grocery > Frozen Food > Frozen Breakfast > Frozen Breakfast Sausage,Gardein,Gardein Original Breakfast Patties,SKU:6000200000029,UPC:84223440200,ID:6000200000028,Walmart Item #:30442929,$5.27,,,,,"Your favourite foods made Meatless. We're insanely passionate about helping the world eat less meat. That's why we make delicious meatless chick'n tenders, meatless meatballs, and more. Now you can skip meat for a meal, or a month, without skipping your favorite foods.","•Always Vegan
•Excellent source of vitamin B12
•Excellent source of iron
•Ready in Only 12 minutes
•Non - Gmo- Verified
•Kosher
•Made with plant protein
•Meat-free","[{""Storage Type"":""Frozen""},{""Product Type"":""Other""},{""Lifestyle and Dietary Claims"":""11""},{""Features"":""\u2022Always Vegan<br>\u2022Excellent source of vitamin B12<br>\u2022Excellent source of iron<br>\u2022Ready in Only 12 minutes<br>\u2022Non - Gmo- Verified<br>\u2022Kosher<br>\u2022Made with plant protein<br>\u2022Meat-free""},{""Batteries Included"":""N""},{""Clearout Deal"":""No""},{""Lifestyle\/Dietary Need"":""No egg,No fish,No milk,No sesame,No shellfish,No sulfite,No lactose,Vegan-friendly,Vegetarian-friendly""}]",https://i5.walmartimages.com/asr/f6b8f331-0b33-436a-bb95-fad115a64c1c.9b6aaddca6626859aadbf985ab2695d1.jpeg?odnHeight=2000&odnWidth=2000&odnBg=ffffff | https://i5.walmartimages.com/asr/1f0ab435-c60f-49e3-b13f-c2ff2752b934.1bab2c63519cc5546092cf864b49887b.jpeg?odnHeight=2000&odnWidth=2000&odnBg=ffffff | https://i5.walmartimages.com/asr/4524759a-a586-4150-afd6-3d8525c81b7a.9b6aaddca6626859aadbf985ab2695d1.jpeg?odnHeight=2000&odnWidth=2000&odnBg=ffffff,3,Sold by Walmart,"Water, Soy protein concentrate, Canola oil, Wheat gluten, Soy protein isolate, Yeast extract, Cane sugar, Methylcellulose, Potato starch, Sea salt, Salt, Maltodextrin, Onion powder, Malt extract (malted barley, water), Herbs, Garlic powder, Natural flavours, Spices, Caramel, Vitamins and minerals (tapioca maltodextrin, magnesium oxide, ferric orthophosphate, niacinamide, zinc oxide, vitamin B12, calcium pantothenate, pyridoxine hydrochloride, thiamine hydrochloride, riboflavin, copper gluconate). Contains: Barley, Soy, Wheat.","No egg,No fish,No milk,No sesame,No shellfish,No sulfite,No lactose,Vegan-friendly,Vegetarian-friendly",Add to Cart; Find in Store,2.8,4,,
Walmart Canada,Frozen,Meatless Alternatives,walmart.ca,https://www.walmart.ca/en/ip/yves-original-veggie-ground-round/6000199704186,,"1248 g, Vegan Ground Round","Walmart.ca > Grocery > Meat, Seafood & Alternatives > Tofu & Plant-Based Proteins",Yves,Yves Original Veggie Ground Round,SKU:6000199704187,UPC:6082240003,ID:6000199704186,Walmart Item #:31175059,$11.97,,,,,"FRESHNESS GUARANTEED
You want the freshest for your family and so do we. We've trained our Associates
to pick the best and freshest products to meet your expectations. Satisfaction guaranteed* or your money back!
*Terms and conditions apply. See the Online Grocery Help page at Walmart.ca for details.","Good source of protein
Low in fat
No artificial preservatives,
colours or flavours
No trans fat
Cholesterol free
Source of fibre","[{""Storage Type"":""Refrigerate""},{""Clearout Deal"":""No""},{""Lifestyle\/Dietary Need"":""Made in Canada,Vegan""}]",https://i5.walmartimages.ca/images/Enlarge/799/328/6000199799328.jpg,1,Sold by Walmart,"Water, soy protein product, onions, natural flavours, canola oil,salt, guar gum, evaporated cane syrup, malt extract, caramel (colour), spices, yeast extract, vitamins and minerals (thiamine hydrochloride, riboflavin, niacinamide, pyridoxine hydrochloride, cyanocobalamin, calcium pantothenate, ferrous fumarate, zinc oxide), wheat starch. Contains soy, wheat, mustard and barley. Made with Non-GMO soy protein and Non-GMO canola oil.","Made in Canada,Vegan",Add to Cart; Find in Store,0,,,
Walmart Canada,Frozen,Meatless Alternatives,walmart.ca,https://www.walmart.ca/en/ip/gardein-suprme-plant-based-burger/6000203432949,,226g / 2 per pack,"Walmart.ca > Grocery > Frozen Food > Frozen Meat, Seafood & Alternatives > Frozen Plant-based Proteins",Gardein,Gardein Suprême Plant-Based Burger,SKU:6000203432950,UPC:84223400714,ID:6000203432949,Walmart Item #:31272087,$5.97,,,,$2.64/100GR,"When it comes to burgers, sacrifice is never on the menu. That's why we created the Supreme plant-based burger: juicy, plant-based patties that look, cook, smell and satisfy like real meat.","- 20G Protein
- Prepared in Canada
- Vegan
- Non GMO
- Kosher
- No soy ingredients
- No dairy ingredients","[{""Storage Type"":""Frozen""},{""Product Type"":""Other""},{""Features"":""- 20G Protein<br>- Prepared in Canada<br>- Vegan<br>- Non GMO<br>- Kosher<br>- No soy ingredients<br>- No dairy ingredients""},{""Batteries Included"":""N""},{""Clearout Deal"":""No""},{""Lifestyle\/Dietary Need"":""No egg,No fish,No milk,No mustard,No sesame,No shellfish,No soy,No sulfite,No lactose,No artificials,Kosher,Vegan-friendly,Vegetarian-friendly""}]",https://i5.walmartimages.com/asr/69aa4ce5-38ea-478f-8cc4-5dc8e67a88f5.8a3ec6c62b6fd72aaa5d880b00310daa.jpeg?odnHeight=2000&odnWidth=2000&odnBg=ffffff | https://i5.walmartimages.com/asr/2139d992-d643-4461-b823-c2346b0f2934.a2e03c73ce85bb8f0ef567342afbfdc1.jpeg?odnHeight=2000&odnWidth=2000&odnBg=ffffff | https://i5.walmartimages.com/asr/45c8635a-07d2-49ef-a1fd-ef1e28858fa9.2017bbeb6482a95a2fad8904d0740e28.jpeg?odnHeight=2000&odnWidth=2000&odnBg=ffffff | https://i5.walmartimages.com/asr/a9eac45d-2d69-4e13-9667-a3fce20b06ba.b0cb8ac3baeeca636542e257b8970497.jpeg?odnHeight=2000&odnWidth=2000&odnBg=ffffff,4,Sold by Walmart,"Water, Pea protein isolate, Coconut oil, Textured wheat protein (wheat gluten, wheat starch), Wheat gluten, Malt extract (malted barley, water), Garlic powder, Salt, Yeast extract, Onion powder, Maltodextrin, L-tryptophan, Beet juice powder, Spices, Natural flavours, Methylcellulose, Dipotassium phosphate, Lactid acid, Citric acid, Ascorbic acid, Vitamins and minerals (tapioca maltodextrin, magnesium oxide, ferric orthophosphate, niacinamide, zinc oxide, vitamin B12, calcium pantothenate, copper gluconate, pyridoxine hydrochloride, thiamine hydrochloride, riboflavin, folic acid). Contains: Wheat, Barley.","No egg,No fish,No milk,No mustard,No sesame,No shellfish,No soy,No sulfite,No lactose,No artificials,Kosher,Vegan-friendly,Vegetarian-friendly",Add to Cart; Find in Store,0,,,
Walmart Canada,Frozen,Meatless Alternatives,walmart.ca,https://www.walmart.ca/en/ip/yves-veggie-pepperoni/6000196188005,,"Vegan Pepperoni, 120 g","Walmart.ca > Grocery > Meat, Seafood & Alternatives > Tofu & Plant-Based Proteins",Yves,Yves Veggie Pepperoni,SKU:6000196188006,UPC:6082200116,ID:6000196188005,Walmart Item #:30886783,$3.97,,,,$3.31/100GR,"Perfect for meatless pizzas, our Veggie Pizza Pepperoni slices have the great taste of regular pepperoni but without any of the fat, cholesterol or preservatives. A truly innovative product from Yves Veggie Cuisine.

FRESHNESS GUARANTEED
You want the freshest for your family and so do we. We've trained our Associates
to pick the best and freshest products to meet your expectations. Satisfaction guaranteed* or your money back!
*Terms and conditions apply. See the Online Grocery Help page at Walmart.ca for details.","Meat Alternatives
Kosher
Non-Dairy Options
Vegan
Vegetarian
Low Fat
No Trans Fat
Cholesterol Free
No Artificial Colors and Flavors
Free of Artificial Preservatives
No Peanuts in this Product","[{""Storage Type"":""Refrigerate""},{""Clearout Deal"":""No""},{""Lifestyle\/Dietary Need"":""No egg,No fish,No milk,No sesame,No shellfish,No sulfite,No lactose,No artificials,Kosher,Vegan-friendly,Vegetarian-friendly""}]",https://i5.walmartimages.ca/images/Enlarge/264/645/6000199264645.jpg,1,Sold by Walmart,"Water, soy protein, wheat gluten, spices, tofu (water, soybeans, magnesium chloride), salt, cane sugar, natural flavours, wheat starch, guar gum, yeast extract, natural liquid smoke, canola oil, beetroot powder, carrageenan (from seaweed), vitamin and mineral blend. Contains soy, wheat and mustard.","No egg,No fish,No milk,No sesame,No shellfish,No sulfite,No lactose,No artificials,Kosher,Vegan-friendly,Vegetarian-friendly",Add to Cart; Find in Store,0,,,
Walmart Canada,Frozen,Meatless Alternatives,walmart.ca,https://www.walmart.ca/en/ip/gardein-chickn-fajita-bowl/6000199999925,,241 g,"Walmart.ca > Grocery > Frozen Food > Frozen Meat, Seafood & Alternatives > Frozen Plant-based Proteins",Gardein,Gardein Chick'n Fajita Bowl,SKU:6000199999926,UPC:84223440194,ID:6000199999925,Walmart Item #:30442895,$5.97,,,,$2.48/100GR,"Your favourite foods made Meatless. We're insanely passionate about helping the world eat less meat. That's why we make delicious meatless chick'n tenders, meatless meatballs, and more. Now you can skip meat for a meal, or a month, without skipping your favorite foods.","•Always Vegan
•Non - Gmo- Verified
•Made with plant protein
•Meat-free","[{""Storage Type"":""Frozen""},{""Product Type"":""Other""},{""Lifestyle and Dietary Claims"":""11""},{""Features"":""\u2022Always Vegan<br>\u2022Non - Gmo- Verified<br>\u2022Made with plant protein<br>\u2022Meat-free""},{""Batteries Included"":""N""},{""Clearout Deal"":""No""},{""Lifestyle\/Dietary Need"":""No egg,No fish,No milk,No sesame,No shellfish,No lactose,Vegan-friendly,Vegetarian-friendly""}]",https://i5.walmartimages.com/asr/6c0936f7-7c0f-47bb-8d7a-38940ddfed8c.ea9f1c2ca301d5f02d1e2bef1c9a079f.jpeg?odnHeight=2000&odnWidth=2000&odnBg=ffffff | https://i5.walmartimages.com/asr/7a99d698-e5c1-48b2-9405-6cffbc694c08.c85d2ea2e9d43bd4bc552713c0e95be1.jpeg?odnHeight=2000&odnWidth=2000&odnBg=ffffff | https://i5.walmartimages.com/asr/70700ab4-0530-45ba-a489-0876a85af227.2bb9ce9d4d930a463f8b70c7b57792a3.jpeg?odnHeight=2000&odnWidth=2000&odnBg=ffffff | https://i5.walmartimages.com/asr/d61f9d60-ff07-40e4-b595-3136d9a4a8a3.cdf7f396cc92a394b177cf04098d86b7.jpeg?odnHeight=2000&odnWidth=2000&odnBg=ffffff | https://i5.walmartimages.com/asr/5371055c-a0ae-4302-8e2b-3745e4156c82.4624b00c5baacd599af9bc990de38448.jpeg?odnHeight=2000&odnWidth=2000&odnBg=ffffff,5,Sold by Walmart,"Cooked rice (water, rice), Water, Bell peppers, Cooked black beans (water, black beans), Concentrated tomato paste, Tomatoes in juice (tomatoes, tomato juice, calcium chloride, citric acid), Onions, Corn, Soy protein isolate, Wheat gluten, Roasted garlic puree, Canola oil, Sugars (light brown sugar, cane sugar), Lime juice from concentrate (water, lime juice concentrate, lime oil), Seasoning, Sea salt, Methylcellulose, Yeast extract, Onion powder, Cilantro, Ancient grain flour (khorasan wheat, amaranth, millet, quinoa), Tamari sauce (water, soybeans, salt, vinegar), Dipotassium  phosphate, Salt, Potato starch, Chili pepper, Distilled vinegar, Pea protein, Chipotle, Spices, Natural flavours, Natural smoke flavour, Titanium dioxide, Vitamins and minerals (tapioca maltodextrin, magnesium oxide, ferric orthophosphate, niacinamide, zinc oxide, vitamin B12, calcium pantothenate, pyridoxine hydrochloride, thiamine hydrochloride, riboflavin, copper gluconate). Contains: Wheat Soy.","No egg,No fish,No milk,No sesame,No shellfish,No lactose,Vegan-friendly,Vegetarian-friendly",Add to Cart; Find in Store,0,,,
Walmart Canada,Frozen,Meatless Alternatives,walmart.ca,https://www.walmart.ca/en/ip/yves-turkey/6000196182247,,"156 g, Veggie Turkey","Walmart.ca > Grocery > Meat, Seafood & Alternatives > Tofu & Plant-Based Proteins",Yves,Yves Turkey,SKU:6000196182248,UPC:6082200306,ID:6000196182247,Walmart Item #:9461527,$3.97,,,,$3.97/1EA,"Deliciously seasoned and made with soy protein, our Veggie Turkey Slices are low in fat and let you enjoy the great flavour of turkey.","Meat Alternatives
Kosher
Non-Dairy Options
Health Check
Vegan
Vegetarian
Low Fat
No Trans Fat
Cholesterol Free
No Artificial Colors and Flavors
Free of Artificial Preservatives
No Peanuts in this Product","[{""Storage Type"":""Refrigerate""},{""Clearout Deal"":""No""},{""Lifestyle\/Dietary Need"":""No egg,No fish,No milk,No sesame,No shellfish,No sulfite,No lactose,No artificials,Kosher,Vegan-friendly,Vegetarian-friendly""}]",https://i5.walmartimages.ca/images/Enlarge/935/463/6000197935463.jpg,1,Sold by Walmart,"Water, wheat gluten, tofu (water, soybeans, magnesium chloride), wheat starch, natural flavours, yeast extract, spices, cane sugar, salt, carrageenan (from seaweed), citric acid, natural colour, potassium chloride, vitamin and mineral blend. Contains soy, wheat and mustard.","No egg,No fish,No milk,No sesame,No shellfish,No sulfite,No lactose,No artificials,Kosher,Vegan-friendly,Vegetarian-friendly",Not Sold;,5,1,,
Walmart Canada,Frozen,Meatless Alternatives,walmart.ca,https://www.walmart.ca/en/ip/lightlife-organic-smoky-tempeh-strips/6000199718747,,170 g,"Walmart.ca > Grocery > Meat, Seafood & Alternatives > Tofu & Plant-Based Proteins",Lightlife,Lightlife Organic Smoky Tempeh Strips,SKU:6000199718748,UPC:4345400006,ID:6000199718747,Walmart Item #:31656526,$4.97,,,,,"Lightlife® Organic Smoky Bacon Tempeh Strips are a versatile plant-based protein source for vegans and flexitarians alike. Made with Non-GMO and vegan ingredients, our savoury Smoky Tempeh strips have a deep, smoky flavour that naturally enhances a variety of recipes and works well as a healthier alternative to bacon. Whether you fry, sauté, or bake it, the protein-rich tempeh strips add balanced flavour to grain bowls, rice dishes, salads, sandwiches, and more. For over 40 years, the Lightlife® brand has been committed to creating delicious and nutritious plant-based meat alternatives and looking for ways to improve the impact we have on the planet.","LIGHTLIFE® ORGANIC SMOKY TEMPEH: A versatile and delicious plant-based protein source
HIGH IN PROTEIN: 12g of protein per serving
EASY TO PREP, EASY TO COOK: Tempeh requires little preparation for quick and easy plant-based meals
SMOKY FLAVOUR AND FAMILIAR TEXTURE: Our Tempeh naturally takes on the flavours you are cooking with to complement your meal
DRIVEN BY SUSTAINABILITY: The Lightlife® brand is part of a carbon neutral company","[{""Storage Type"":""Refrigerate""},{""Clearout Deal"":""No""},{""Lifestyle\/Dietary Need"":""Vegan""}]",https://i5.walmartimages.ca/images/Enlarge/934/832/6000199934832.jpg | https://i5.walmartimages.ca/images/Enlarge/492/580/6000203492580.jpg | https://i5.walmartimages.ca/images/Enlarge/492/572/6000203492572.jpg | https://i5.walmartimages.ca/images/Enlarge/492/584/6000203492584.jpg | https://i5.walmartimages.ca/images/Enlarge/492/584/6000203492584.jpg,5,Sold by Walmart,"WATER, CULTURED ORGANIC SOYBEANS(SOYBEANS, LACTIC ACID FROM PLANT SOURCES),ORGANIC SOY SAUCE (WATER, ORGANIC SOYBEANS, SALT,ORGANIC WHEAT), ORGANIC CIDER VINEGAR, ORGANICEVAPORATED CANE SYRUP, ORGANIC BROWN RICE, SEASALT, NATURAL SMOKE FLAVOUR, ORGANIC BEET POWDER(COLOUR), BAKER'S YEAST EXTRACT, ORGANIC DRIEDONIONS, ORGANIC SPICE. CONTAINS: SOY, WHEAT",Vegan,Add to Cart; Find in Store,5,1,,
Walmart Canada,Frozen,Meatless Alternatives,walmart.ca,https://www.walmart.ca/en/ip/great-value-beef-burgers/6000193606603,,904 g,"Walmart.ca > Grocery > Frozen Food > Frozen Meat, Seafood & Alternatives > Frozen Beef",Great Value,Great Value Beef Burgers,SKU:6000193606604,UPC:62891501159,ID:6000193606603,Walmart Item #:30661115,$10.97,,,,$1.21/100GR,"Made with simple ingredients, Great Value Beef Burgers are exquisitely tender, simply seasoned and full of fabulous flavour. Ready for grilling, these burgers can be paired with an array of gourmet toppings or enjoyed simply with classic condiments. Any way you dress them, they are sure to impress.
Great Value Beef Burgers are tender, juicy, and delicious
• Uncooked
• Keep frozen
• Made in Canada
• From domestic and imported ingredients

Fire up the BBQ and enjoy these tender and juicy beef burgers.",,"[{""Cut"":""Burgers""},{""Product Type"":""Beef""},{""Storage Type"":""Frozen""},{""Walmart Exclusive"":""Yes""},{""Clearout Deal"":""No""},{""Lifestyle\/Dietary Need"":""No artificials,No added sugars""}]",https://i5.walmartimages.ca/images/Enlarge/011/593/628915011593.jpg | https://i5.walmartimages.ca/images/Enlarge/159/3_1/628915011593_1.jpg | https://i5.walmartimages.ca/images/Enlarge/159/3_2/628915011593_2.jpg,3,Sold by Walmart,"BEEF, WATER, TEXTURED SOY PROTEIN, SEASONING (SALT, MUSTARD, SODIUM PHOSPHATE, SPICES, GARLIC POWDERCONTAINS: SOY, MUSTARD. MAY CONTAIN: MILK, WHEAT.","No artificials,No added sugars",Add to Cart; Find in Store,3.4,26,,2
Walmart Canada,Frozen,Meatless Alternatives,walmart.ca,https://www.walmart.ca/en/ip/mediterranean-harissa/6000199554063,,"400 g, Vegan Sausage","Walmart.ca > Grocery > Meat, Seafood & Alternatives > Tofu & Plant-Based Proteins",Yves,Mediterranean Harissa,SKU:6000199554064,UPC:6082240040,ID:6000199554063,Walmart Item #:31588327,$6.97,$5.97,,$Rollback,$5.97/1EA,"FRESHNESS GUARANTEED
You want the freshest for your family and so do we. We've trained our Associates
to pick the best and freshest products to meet your expectations. Satisfaction guaranteed* or your money back!
*Terms and conditions apply. See the Online Grocery Help page at Walmart.ca for details.","Clean Ingredients
Vegan
Packed with Veggies
Low in Saturated fat   
No trans fat
No artificial colours, flavours or preservatives
Cholesterol free                                 
Non-GMO Project verified","[{""Storage Type"":""Refrigerate""},{""Clearout Deal"":""No""},{""Lifestyle\/Dietary Need"":""Vegan""}]",https://i5.walmartimages.ca/images/Enlarge/582/648/6000199582648.jpg,1,Sold by Walmart,"Water, wheat gluten, vegetables (carrots, onions, dehydrated red bell peppers, dehydrated spinach), canola oil, textured wheat protein, spices, salt, cane sugar, modified cellulose, natural flavours, vitamin and mineral blend. Contains wheat and mustard. Also not suitable for consumption by personswith an allergy to soy.",Vegan,Add to Cart; Find in Store,0,,,1
Walmart Canada,Frozen,Meatless Alternatives,walmart.ca,https://www.walmart.ca/en/ip/field-roast-spicy-mexican-chipotle-plant-based-sausage/6000199716512,,368 g,"Walmart.ca > Grocery > Meat, Seafood & Alternatives > Tofu & Plant-Based Proteins",Field Roast,Field Roast Spicy Mexican Chipotle Plant-Based Sausage,SKU:6000199716513,UPC:63803161216,ID:6000199716512,Walmart Item #:31656529,$6.97,,,,,"Bring bold Mexican flavours to a wide variety of plant-based dishes with Field Roast® Spicy Mexican Chipotle Plant-Based Sausage. Made with a piquant combination of sweet onions, garlic, and chile de árbol peppers, these fully cooked meatless Mexican sausages are a satisfying protein alternative with 27 grams of protein per serving. Enjoy the versatile meatless sausages on the barbecue, grilled on the stove, or broken up into sauces, stir-fries, and scrambles to add a spicy kick to your plant-based meals. Since 1997, the Field Roast® brand has crafted plant-based meats and cheeses from grains, fresh-cut vegetables, herbs, and spices, honouring our culinary roots to create authentic sensory experiences people crave.","FULLY COOKED PLANT-BASED SAUSAGES: A satisfying protein alternative for plant-based meals
BOLDLY SEASONED: Sweet onions, garlic, and fiery Mexican spices deliver well-balanced heat and flavour
DELICIOUSLY VERSATILE: Enjoy the meatless sausage hot off the grill or stove, or crumbled into sauces and scrambles
CERTIFIED VEGAN AND NON-GMO: Non-GMO Project Verified and Certified Vegan for delicious taste and texture without the guilt
FOR ALL THE FLAVOUR TRAILBLAZERS: Dedicated to crafting bold flavour profiles, Field Roast® brand transforms everyday meals into seriously delicious creations","[{""Storage Type"":""Refrigerate""},{""Clearout Deal"":""No""},{""Lifestyle\/Dietary Need"":""No egg,No fish,No milk,No mustard,No sesame,No shellfish,No soy,No lactose,Vegan-friendly,Vegetarian-friendly""}]",https://i5.walmartimages.ca/images/Enlarge/953/588/6000199953588.jpg,1,Sold by Walmart,"Filtered water, vital wheat gluten, expeller pressed safflower oil, onions, garlic, apple cider vinegar, naturally flavoured yeast extract, vegetable protein, chipotle peppers, onion powder, granulated garlic, brown sugar, sea salt, malt extract, black pepper, spices, paprika oleoresin, chili de arbol peppers, cumin, oregano, organic guar gum. Vitamins and Mineral: potassium chloride, l-lysine monohydrochloride, niacinamide, reduced iron, zinc oxide, calcium pantothenate, pyridoxine hydrochloride and cyanocobalamin. Contains: wheat.","No egg,No fish,No milk,No mustard,No sesame,No shellfish,No soy,No lactose,Vegan-friendly,Vegetarian-friendly",Not Sold;,3,2,,
Walmart Canada,Frozen,Meatless Alternatives,walmart.ca,https://www.walmart.ca/en/ip/yves-jumbo-veggie-dog/6000065102002,,380g,"Walmart.ca > Grocery > Meat, Seafood & Alternatives > Tofu & Plant-Based Proteins",Yves,Yves Jumbo Veggie Dog,SKU:10161715,UPC:6082200070,ID:6000065102002,Walmart Item #:9461604,$4.87,,,,$4.87/1EA,"A real hunger stopper, these ballpark-style Jumbo dogs are 60% bigger than our Veggie Dogs. Great barbecue taste – just more of it! Still low in fat and cholesterol-free.","Meat Alternatives
Kosher
Non-Dairy Options
Vegan
Vegetarian
Low Fat
Low in saturated fat
No Trans Fat
Cholesterol Free
No Artificial Colors and Flavors
Free of Artificial Preservatives
No Peanuts in this Product","[{""Storage Type"":""Refrigerate""},{""Clearout Deal"":""No""},{""Lifestyle\/Dietary Need"":""No egg,No fish,No milk,No sesame,No shellfish,No sulfite,No lactose,No artificials,Kosher,Vegan-friendly,Vegetarian-friendly""}]",https://i5.walmartimages.ca/images/Enlarge/935/456/6000197935456.jpg,1,Sold by Walmart,"Water, soy protein, wheat gluten, tofu (water, soybeans, magnesium chloride), cane sugar, wheat starch, salt, yeast extract, spices, carrageenan (from seaweed), natural liquid smoke, beetroot powder, potassium chloride, vitamin and mineral blend. Contains soy, wheat and mustard.","No egg,No fish,No milk,No sesame,No shellfish,No sulfite,No lactose,No artificials,Kosher,Vegan-friendly,Vegetarian-friendly",Not Sold;,2.3,3,,
Walmart Canada,Drinks,Coffee,walmart.ca,https://www.walmart.ca/en/ip/tim-hortons-decaf-light-medium-roast-decaffeinated-coffee/6000199414342,,"315 g, 30 single serve",Walmart.ca > Household Supplies & Pantry > Drinks > Coffee > Coffee Pods,Tim Hortons,Tim Hortons Decaf Light Medium Roast Decaffeinated Coffee,SKU:6000199414343,UPC:6320911277,ID:6000199414342,Walmart Item #:30272481,$19.97,,,,,"Since 1964, we have been committed to serving a great cup of coffee. The signature flavour in every cup is created using our own unique blend of 100% Arabica beans. Enjoy the taste at home in convenient, Single serve coffee cups, compatible for use in all Keurig® K-CUP® machines.",,"[{""Product Type"":""Pods""},{""Decaffeinated"":""Yes""},{""Storage Type"":""Shelf""},{""Lifestyle\/Dietary Need"":""No egg,No fish,No milk,No mustard,No sesame,No shellfish,No soy,No sulfite,No wheat,No lactose,No artificials,No added sugars,Paleo-friendly,Vegan-friendly,Vegetarian-friendly,Whole30-friendly""}]",https://i5.walmartimages.ca/images/Enlarge/081/293/6000201081293.jpg | https://i5.walmartimages.ca/images/Enlarge/606/654/6000199606654.jpg | https://i5.walmartimages.ca/images/Enlarge/606/657/6000199606657.jpg,3,Sold by Walmart,Arabica coffee decaffeinated by the Swiss Water® process.,"No egg,No fish,No milk,No mustard,No sesame,No shellfish,No soy,No sulfite,No wheat,No lactose,No artificials,No added sugars,Paleo-friendly,Vegan-friendly,Vegetarian-friendly,Whole30-friendly",Add to Cart; Find in Store,4.4,99,,
Walmart Canada,Frozen,Meatless Alternatives,walmart.ca,https://www.walmart.ca/en/ip/yves-ham/6000196182244,,"155 g, Veggie Ham","Walmart.ca > Grocery > Meat, Seafood & Alternatives > Tofu & Plant-Based Proteins",Yves,Yves Ham,SKU:6000196182245,UPC:6082200307,ID:6000196182244,Walmart Item #:9461555,$3.47,,,,$3.47/1EA,"Our versatile Veggie Ham Slices can be loaded into a sandwich, thrown into an omelette or tossed into a chef’s salad.","Meat Alternatives
Kosher
Non-Dairy Options
Vegan
Vegetarian
Source of Energy
Low Fat
No Trans Fat
Cholesterol Free
Free of Artificial Preservatives
No Artificial Colors and Flavors
No Peanuts in this Product","[{""Storage Type"":""Refrigerate""},{""Clearout Deal"":""No""},{""Lifestyle\/Dietary Need"":""No egg,No fish,No milk,No sesame,No shellfish,No sulfite,No lactose,No artificials,Kosher,Vegan-friendly,Vegetarian-friendly""}]",https://i5.walmartimages.ca/images/Enlarge/935/455/6000197935455.jpg,1,Sold by Walmart,"Water, wheat gluten, tofu (water, soybeans, magnesium chloride), wheat starch, textured wheat protein, natural flavours, spices, salt, cane sugar, yeast extract, natural liquid smoke, carrageenan (from seaweed), citric acid, beetroot powder, potassium chloride, vitamin and mineral blend. Contains soy, wheat, mustard and barley.","No egg,No fish,No milk,No sesame,No shellfish,No sulfite,No lactose,No artificials,Kosher,Vegan-friendly,Vegetarian-friendly",Not Sold;,5,1,,
Walmart Canada,Frozen,Meatless Alternatives,walmart.ca,https://www.walmart.ca/en/ip/yves-kale-and-caramelized-onion-veggie-sausages/6000199552786,,"400 g, Vegan Sausages","Walmart.ca > Grocery > Meat, Seafood & Alternatives > Tofu & Plant-Based Proteins",Yves,Yves Kale and Caramelized Onion Veggie Sausages,SKU:6000199552787,UPC:6082240039,ID:6000199552786,Walmart Item #:31588329,$6.97,,,,$6.97/1EA,"FRESHNESS GUARANTEED
You want the freshest for your family and so do we. We've trained our Associates
to pick the best and freshest products to meet your expectations. Satisfaction guaranteed* or your money back!
*Terms and conditions apply. See the Online Grocery Help page at Walmart.ca for details.","Clean Ingredients
Vegan
Packed with Veggies
Low in Saturated fat   
No trans fat
No artificial colours, flavours or preservatives
Cholesterol free                                 
Non-GMO Project verified","[{""Storage Type"":""Refrigerate""},{""Clearout Deal"":""No""},{""Lifestyle\/Dietary Need"":""Made in Canada,Vegan""}]",https://i5.walmartimages.ca/images/Enlarge/582/732/6000199582732.jpg,1,Sold by Walmart,"Water, wheat gluten, vegetables (onions, kale, carrots), canola oil, textured wheat protein, spices, cane sugar, yeast extract, salt, modified cellulose, natural flavours, vitamin and mineral blend. Contains wheat and mustard. Also not suitable for consumption by persons with an allergy to soy.","Made in Canada,Vegan",Add to Cart; Find in Store,4,1,,
Walmart Canada,Drinks,Soft Drinks/Sodas,walmart.ca,https://www.walmart.ca/en/ip/dr-pepper-diet-2l-bottle/6000196027162,,2L,Walmart.ca > Household Supplies & Pantry > Drinks > Soft Drinks > Diet Soft Drinks,Dr. Pepper,"Dr. Pepper Diet, 2L bottle",SKU:6000196027163,UPC:5490000061,ID:6000196027162,Walmart Item #:9219117,$1.97,,,,$0.1/100ML,"Dr. Pepper* Diet treats you to Dr Pepper*’s signature blend of 23 flavours minus the calories! For over 125 years, Dr Pepper*’s has made every sip unique. This 2 L bottle gives Dr Pepper* fans the refreshing, sugar-free flavour they crave.","•2 L bottle
•Zero calories
•Classic, unique taste
•Ideal for any occasion","[{""Flavour"":""Cola""},{""Singleserve"":""No""},{""Storage Type"":""Shelf""},{""Clearout Deal"":""No""},{""Lifestyle\/Dietary Need"":""No egg,No fish,No milk,No mustard,No sesame,No shellfish,No soy,No sulfite,No wheat,No lactose,No added sugars,Vegan-friendly,Vegetarian-friendly""}]",https://i5.walmartimages.ca/images/Enlarge/000/615/999999-54900000615.jpg | https://i5.walmartimages.ca/images/Enlarge/061/5_1/999999-54900000615_1.jpg | https://i5.walmartimages.ca/images/Enlarge/374/302/6000203374302.jpg | https://i5.walmartimages.ca/images/Enlarge/374/303/6000203374303.jpg | https://i5.walmartimages.ca/images/Enlarge/15_/nft/54900000615_NFT.jpg | https://i5.walmartimages.ca/images/Enlarge/15_/nft/54900000615_NFT.jpg,6,Sold by Walmart,"CARBONATED WATER, COLOUR, ASPARTAME (129.3 MG/250 ML; CONTAINS PHENYLALANINE), PHOSPHORIC ACID, ARTIFICIAL AND NATURAL FLAVOURS, SODIUM BENZOATE, CAFFEINE.","No egg,No fish,No milk,No mustard,No sesame,No shellfish,No soy,No sulfite,No wheat,No lactose,No added sugars,Vegan-friendly,Vegetarian-friendly",Not Sold;,3,1,,
Walmart Canada,Frozen,Meatless Alternatives,walmart.ca,https://www.walmart.ca/en/ip/yves-veggie-chicken-burgers/6000065102025,,"300 g, Veggie Burgers","Walmart.ca > Grocery > Meat, Seafood & Alternatives > Tofu & Plant-Based Proteins",Yves,Yves Veggie Chicken Burgers,SKU:10161714,UPC:6082200045,ID:6000065102025,Walmart Item #:9461513,$4.97,,,,$4.97/1EA,"These tender, succulent burgers are made with soy protein, a blend of tasty herbs and a touch of lemon. One-of-a-kind taste that’s low in fat, cholesterol-free and preservative-free.","Meat Alternatives
Kosher
Vegan
Vegetarian
Source of Energy
Low Fat
No Trans Fat
Cholesterol Free
Source of Fiber
Good Source of Protein
No Artificial Colours and Flavours
Free of Artificial Preservatives
No Peanuts in this Product","[{""Storage Type"":""Refrigerate""},{""Clearout Deal"":""No""},{""Lifestyle\/Dietary Need"":""No egg,No fish,No milk,No sesame,No shellfish,No sulfite,No lactose,No artificials,Kosher,Vegan-friendly,Vegetarian-friendly""}]",https://i5.walmartimages.ca/images/Enlarge/123/061/123061.jpg,1,Sold by Walmart,"Water, textrured soy protein, wheat gluten, canola oil, natural flavours, yeast extract, spices, modified cellulose, carrageenan (from seaweed), cane sugar, potassium chloride, natural colours, salt, vitamin  and mineral blend. Contains soy, wheat and mustard.","No egg,No fish,No milk,No sesame,No shellfish,No sulfite,No lactose,No artificials,Kosher,Vegan-friendly,Vegetarian-friendly",Not Sold;,3.2,5,,
Walmart Canada,Drinks,Soft Drinks/Sodas,walmart.ca,https://www.walmart.ca/en/ip/coca-cola-zero-sugar-zero-caffeine-222ml-mini-cans-6-pack/6000202941519,,6 x 222mL,Walmart.ca > Household Supplies & Pantry > Drinks > Soft Drinks > Cola,Coca-Cola,"Coca-Cola Zero Sugar Zero Caffeine 222mL Mini-Cans, 6 Pack",SKU:6000202941520,UPC:6700001114,ID:6000202941519,Walmart Item #:31245012,$2.97,,,,$0.22/100ML,"The great Coca-Cola taste that Canadians love, with zero sugar and zero calories, and now available with zero caffeine so it can be enjoyed at any time of the day.",,"[{""Flavour"":""Cola""},{""Storage Type"":""Refrigerate""},{""Clearout Deal"":""No""},{""Lifestyle\/Dietary Need"":""""}]",https://i5.walmartimages.ca/images/Enlarge/257/180/6000203257180.jpg | https://i5.walmartimages.ca/images/Enlarge/257/178/6000203257178.jpg | https://i5.walmartimages.ca/images/Enlarge/991/976/6000203991976.jpg | https://i5.walmartimages.ca/images/Enlarge/991/988/6000203991988.jpg | https://i5.walmartimages.ca/images/Enlarge/991/983/6000203991983.jpg | https://i5.walmartimages.ca/images/Enlarge/257/172/6000203257172.jpg | https://i5.walmartimages.ca/images/Enlarge/992/002/6000203992002.jpg | https://i5.walmartimages.ca/images/Enlarge/992/002/6000203992002.jpg,8,Sold by Walmart,"Carbonated water, caramel colour, phosphoric acid, aspartame (contains phenylalanine), potassium benzoate, natural flavour, potassium citrate, acesulfame-potassium.",,Add to Cart; Find in Store,0,,,
Walmart Canada,Drinks,Soft Drinks/Sodas,walmart.ca,https://www.walmart.ca/en/ip/diet-coke-xtra-toasted-vanilla-cans-355ml-12-pack/6000202941686,,12 x 355mL,Walmart.ca > Household Supplies & Pantry > Drinks > Soft Drinks > Diet Cola,Diet Coke,"Diet Coke Xtra Toasted Vanilla Cans, 355ml, 12 Pack",SKU:6000202941687,UPC:6700001122,ID:6000202941686,Walmart Item #:31245300,$5.47,,,,$0.13/100ML,"Crisp, cold, and reliable, this is the one and only Diet Coke Xtra—your everyday wing (wo)man, your deliciously fizzy go-to companion, a sugar-free soda you can turn to with 50% more caffeine than regular cola.  Whether you’re looking for a tasty way to start your day, or to refresh your afternoon, you'll never be lost with a Diet Coke Xtra.
 
The smooth, creamy flavour of Diet Coke Xtra Toasted Vanilla always hits the spot, especially when you need a little pick-me-up. Whether you’re hanging out with friends at the cottage or taking a break from work, it’s the perfect way to add some lift any time of day. In fact, it’s basically a friend itself. Because it’s the best kind of familiar, and something you never have to second guess. You trust it, and it’s always there for you whenever you want it. 
 
So when you want a diet soda with 50% more caffeine, think Diet Coke Xtra. Because Diet Coke Xtra is an original, just like you. Oh yeah, and it’s incredibly refreshing. Always.

Diet Coke Xtra. 50% more caffeine than regular colas.","Diet Coke Xtra is a crisp, no-calorie sparkling cola with extra caffeine
No Calories, sugar-free, and 50% more caffeine than regular colas
With creamy toasted vanilla flavour because it’s fizzing delicious
67 mg of caffeine per 355 mL serving
355 mL per can of diet soda","[{""Flavour"":""Other""},{""Storage Type"":""Refrigerate""},{""Clearout Deal"":""No""},{""Lifestyle\/Dietary Need"":""No egg,No fish,No milk,No mustard,No sesame,No shellfish,No soy,No sulfite,No wheat,No lactose,No added sugars,Vegan-friendly,Vegetarian-friendly""}]",https://i5.walmartimages.ca/images/Enlarge/308/256/6000203308256.jpg | https://i5.walmartimages.ca/images/Enlarge/308/260/6000203308260.jpg | https://i5.walmartimages.ca/images/Enlarge/308/259/6000203308259.jpg | https://i5.walmartimages.ca/images/Enlarge/308/261/6000203308261.jpg | https://i5.walmartimages.ca/images/Enlarge/308/254/6000203308254.jpg | https://i5.walmartimages.ca/images/Enlarge/308/255/6000203308255.jpg | https://i5.walmartimages.ca/images/Enlarge/308/258/6000203308258.jpg | https://i5.walmartimages.ca/images/Enlarge/308/252/6000203308252.jpg | https://i5.walmartimages.ca/images/Enlarge/308/253/6000203308253.jpg,9,Sold by Walmart,"Carbonated water, Caramel colour, Phosphoric acid, Natural flavour, Aspartame (contains phenylalanine), Potassium benzoate, Caffeine, Potassium citrate, Acesulfame-potassium. Contains (per 355 mL): 85 mg aspartame, 46 mg acesulfame-potassium.","No egg,No fish,No milk,No mustard,No sesame,No shellfish,No soy,No sulfite,No wheat,No lactose,No added sugars,Vegan-friendly,Vegetarian-friendly",Add to Cart; Find in Store,0,,,
Walmart Canada,Drinks,Soft Drinks/Sodas,walmart.ca,https://www.walmart.ca/en/ip/pepsi-473ml-can/6000196027847,,473mL,Walmart.ca > Household Supplies & Pantry > Drinks > Soft Drinks > Cola,Pepsi,"Pepsi, 473mL Can",SKU:6000196027848,UPC:6900001012,ID:6000196027847,Walmart Item #:30946939,$1,,,,$0.21/100ML,"Pepsi® soft drink is a bold, refreshing, robust cola. Perfect for parties, meals and celebrations big and small. This 473 mL can is perfect for on the go.","•Bold, refreshing, great tasting cola.
•Perfect for any occasion or celebration
•473 mL can is perfect for on the go.
•","[{""Flavour"":""Cola""},{""Singleserve"":""Yes""},{""Storage Type"":""Shelf""},{""Clearout Deal"":""No""},{""Lifestyle\/Dietary Need"":""No egg,No fish,No milk,No mustard,No sesame,No shellfish,No soy,No sulfite,No wheat,No lactose,Kosher,Vegan-friendly,Vegetarian-friendly""}]",https://i5.walmartimages.ca/images/Enlarge/010/129/999999-69000010129.jpg | https://i5.walmartimages.ca/images/Enlarge/849/637/6000201849637.jpg | https://i5.walmartimages.ca/images/Enlarge/849/638/6000201849638.jpg | https://i5.walmartimages.ca/images/Enlarge/849/639/6000201849639.jpg,4,Sold by Walmart,"CARBONATED WATER, GLUCOSE-FRUCTOSE AND/OR SUGAR, CARAMEL COLOUR, PHOSPHORIC ACID, CAFFEINE, CITRIC ACID, NATURAL FLAVOUR.","No egg,No fish,No milk,No mustard,No sesame,No shellfish,No soy,No sulfite,No wheat,No lactose,Kosher,Vegan-friendly,Vegetarian-friendly",Not Sold;,4.6,21,,
Walmart Canada,Frozen,Meatless Alternatives,walmart.ca,https://www.walmart.ca/en/ip/mori-nu-extra-firm-tofu/PRD4ORLX91Z29V6,,349G,"Walmart.ca > Grocery > Meat, Seafood & Alternatives > Tofu & Plant-Based Proteins",Mori-Nu,MORI-NU EXTRA FIRM TOFU,SKU:4ORLX91Z29V6,UPC:8569660805,ID:PRD4ORLX91Z29V6,Walmart Item #:31714831,$2.99,,,,$0.86/100GR,"Our tofu comes in a unique aseptic package that requires no refrigeration until opened, and contains no preservatives. This type of packaging is hermetically sealed, and the Tofu is never exposed to light, air, bacteria, or micro-organisms, all of which can lead to spoilage. The creamy, velvety smooth texture of Mori-Nu Silken Tofu makes it an ideal alternative to dairy products, mayonnaise, and even poultry and red meat. Our Tofu is available in a variety of firmness levels for a wide range of use. Our Extra Firm Tofu is versatile and perfect for stir-frying, as a meat alternative, or sautéing.",,"[{""Storage Type"":""Shelf""},{""Clearout Deal"":""No""},{""Lifestyle\/Dietary Need"":""""}]",https://i5.walmartimages.ca/images/Enlarge/189/764/6000204189764.jpg,1,Sold by Walmart,"Filtered Water, Soybeans, Isolated Soy Protein, Glucono Lactone,    Calcium Chloride. (Gluconolactone Is A Non-Dairy Coagulant Derived  From Corn Starch.)",,Not Sold;,0,,,
Walmart Canada,Frozen,Meatless Alternatives,walmart.ca,https://www.walmart.ca/en/ip/yves-veggie-breakfast-links/6000196182250,,"210 g, Veggie Links","Walmart.ca > Grocery > Meat, Seafood & Alternatives > Tofu & Plant-Based Proteins",Yves,Yves Veggie Breakfast Links,SKU:6000196182251,UPC:6082200303,ID:6000196182250,Walmart Item #:30942154,$3.47,,,,$3.47/1EA,"Start your day right with our nutritious Veggie Breakfast Links. With the authentic taste and aroma of regular breakfast sausages and a mild maple syrup flavour, these delicious low-fat links are a good source of protein without the cholesterol or preservatives. Serve them warm with pancakes or waffles.","Meat Alternatives
Kosher
Non-Dairy Options
Vegan
Vegetarian
Low Fat
No Trans Fat
Cholesterol Free
Good Source of Protein
No Artificial Colours and Flavours
Free of Artificial Preservatives
No Peanuts in this Product","[{""Storage Type"":""Refrigerate""},{""Clearout Deal"":""No""},{""Lifestyle\/Dietary Need"":""No egg,No fish,No milk,No sesame,No shellfish,No sulfite,No lactose,No artificials,Kosher,Vegan-friendly,Vegetarian-friendly""}]",https://i5.walmartimages.ca/images/Enlarge/935/465/6000197935465.jpg,1,Sold by Walmart,"Water, soy protein, wheat gluten, textured soy protein, natural flavours, canola oil, cane sugar, tapioca starch, maple syrup, salt, seasoning, yeast extract, carrageenan (from seaweed), spices, malt extract, potassium chloride, vitamin and mineral blend, wheat starch. Contains soy, wheat, mustard and barley.","No egg,No fish,No milk,No sesame,No shellfish,No sulfite,No lactose,No artificials,Kosher,Vegan-friendly,Vegetarian-friendly",Not Sold;,1,1,,
Walmart Canada,Frozen,Meatless Alternatives,walmart.ca,https://www.walmart.ca/en/ip/yves-falafel-balls/6000196188008,,"240 g, Veggie Appetizers","Walmart.ca > Grocery > Meat, Seafood & Alternatives > Tofu & Plant-Based Proteins",Yves,Yves Falafel Balls,SKU:6000196188009,UPC:6082240020,ID:6000196188008,Walmart Item #:31125160,$4.97,,,,$2.07/100GR,"Delicious Middle-Eastern bites made with chickpeas, onions, carrots and a mix of herbs and spices.  Ready to enjoy on their own or in a sandwich!","Kosher
Vegan
Low in saturated fat
No Trans Fat
Cholesterol Free
Vegetarian
Source of Fiber","[{""Storage Type"":""Refrigerate""},{""Clearout Deal"":""No""},{""Lifestyle\/Dietary Need"":""No egg,No fish,No milk,No sesame,No shellfish,No soy,No wheat,No lactose,Kosher,Vegan-friendly,Vegetarian-friendly""}]",https://i5.walmartimages.ca/images/Enlarge/935/457/6000197935457.jpg,1,Sold by Walmart,"Chickpeas, onions, canola oil, parsley, carrots, spices, vinegar, garlic, modified cellulose, salt, sodium bicarbonate, carrageenan (from seaweed), caramel, lime juice concentrate. Contains mustard.","No egg,No fish,No milk,No sesame,No shellfish,No soy,No wheat,No lactose,Kosher,Vegan-friendly,Vegetarian-friendly",Not Sold;,0,,,
Walmart Canada,Frozen,Meatless Alternatives,walmart.ca,https://www.walmart.ca/en/ip/nuggs-plant-based-original-nuggets/6000203728675,,295g,"Walmart.ca > Grocery > Meat, Seafood & Alternatives > Tofu & Plant-Based Proteins",Simulate,NUGGS Plant Based Original Nuggets,SKU:6000203728676,UPC:5577300444,ID:6000203728675,Walmart Item #:31739096,$8.47,,,,$2.87/100GR,"NUGGS are the world’s most accurate chicken nugget simulation. Looks, tastes and cooks like chicken nuggets but is 100% meat free. 

Better for the environment and for you, NUGGS are an excellent source of protein with 17g per serving (vs 12g for the leading chicken nugget). 

• No antibiotics, no hormones and cholesterol free
• Proprietary formula and process perfected with the help of more than 30,000 consumers with instant feedback
• Plant-based certified",,"[{""Product Type"":""Other""},{""Singleserve"":""No""},{""Storage Type"":""Frozen""},{""Clearout Deal"":""No""},{""Lifestyle\/Dietary Need"":""""}]",https://i5.walmartimages.ca/images/Enlarge/987/341/6000203987341.jpg | https://i5.walmartimages.ca/images/Enlarge/987/344/6000203987344.jpg | https://i5.walmartimages.ca/images/Enlarge/987/348/6000203987348.jpg,3,Sold by Walmart,"Water, Wheat flour, Soy protein isolate, Vegetable oil (soybean and/or canola oil), Yellow corn flour, Textured wheat protein, Modified corn starch, Wheat protein isolate, Minerals (potassium chloride, zinc oxide, ferric sulphate), Vitamins (niacinamide, cyanocobalamin, thiamine mononitrate,pyridoxine hydrochloride, pantothenic acid), Sugars (maltodextrin, sugar, dextrose), Yeast extract, Modified potato starch, Corn starch, Sunflower oil, Salt, Onion powder, Garlic powder, Tapioca dextrin, Rice flour, Baking powder, Potato starch, Paprika, L-lysine monohydrochloride, Natural flavour, Yeast, Spices, Sea salt, Gum arabic, Silicon dioxide.Contains: Soy, Wheat",,Add to Cart; Find in Store,0,,,
Walmart Canada,Frozen,Meatless Alternatives,walmart.ca,https://www.walmart.ca/en/ip/great-value-fire-grilled-chicken-breast-strips/6000197281189,,1 kg,"Walmart.ca > Grocery > Frozen Food > Frozen Meat, Seafood & Alternatives > Frozen Chicken & Turkey",Great Value,Great Value Fire Grilled Chicken Breast Strips,SKU:6000197281190,UPC:62891556135,ID:6000197281189,Walmart Item #:31397595,$9,,,,$0.01/1GR,"These frozen chicken breast strips are fully cooked and lightly seasoned. Defrost and enjoy in salads, wraps, pastas, or in your favourite recipe. They come in a resealable bag, so they are super convenient to have on hand in the freezer.",,"[{""Product Type"":""Chicken Breasts""},{""Cut"":""Strips""},{""Storage Type"":""Frozen""},{""Walmart Exclusive"":""Yes""},{""Clearout Deal"":""No""},{""Lifestyle\/Dietary Need"":""No artificials,No added sugars""}]",https://i5.walmartimages.ca/images/Enlarge/161/045/6000204161045.jpg | https://i5.walmartimages.ca/images/Enlarge/135/7_1/999999-628915561357_1.jpg | https://i5.walmartimages.ca/images/Enlarge/135/7_1/999999-628915561357_1.jpg,3,Sold by Walmart,"Chicken breast, water, modified corn starch, soy protein, dehydrated chicken flavour, canola oil, sodium phosphates, salt, dehydrated garlic, onion powder. Contains: soy","No artificials,No added sugars",Add to Cart; Find in Store,4.1,19,,2
Walmart Canada,Frozen,Pizzas,walmart.ca,https://www.walmart.ca/en/ip/dr-oetker-ristorante-pizza-pepperoni/6000197072587,,320 g,Walmart.ca > Grocery > Frozen Food > Frozen Pizza,Ristorante,Dr. Oetker Ristorante Pizza Pepperoni,SKU:6000197072588,UPC:5833683610,ID:6000197072587,Walmart Item #:31084215,$4.98,,,,$1.56/100GR,The #1 selling thin crust pizza brand now with the #1 most popular topping! This delicious pizza is topped with classic pepperoni slices and a perfect blend of mozzarella and edam cheese,,"[{""Product Type"":""Pepperoni""},{""Storage Type"":""Frozen""},{""Clearout Deal"":""No""},{""Lifestyle\/Dietary Need"":""No egg,No fish,No mustard,No sesame,No shellfish,No sulfite""}]",https://i5.walmartimages.ca/images/Enlarge/836/107/999999-58336836107.jpg,1,Sold by Walmart,"Crust ENRICHED WHEAT FLOUR, WATER, SOYA OIL, YEAST, SALT, SUGAR Sauce TOMATO PUREE, WATER, SUGAR, OLIVE OIL, BASIL, SALT, MODIFIED CORN STARCH, SPICES, HERBS, DEXTROSE, HYDROLYZED CORN PROTEIN, SOYA OIL, CARAMEL COLOUR Cheeses EDAM AND MOZZARELLA CHEESE (MILK, BACTERIAL CULTURE, SALT, MICROBIAL ENZYME, CALCIUM CHLORIDE)  Toppings PEPPERONI (PORK, SALT, SPICES, DEXTROSE, WATER, ONION POWDER, SPICE EXTRACTS, GARLIC POWDER, ASCORBIC ACID, SODIUM NITRITE, BACTERIAL CULTURE, SODIUM ASCORBATE, SMOKE), HERBS","No egg,No fish,No mustard,No sesame,No shellfish,No sulfite",Add to Cart; Find in Store,4,2,,
Walmart Canada,Frozen,Pizzas,walmart.ca,https://www.walmart.ca/en/ip/dr-oetker-casa-di-mama-hawaiian-pizza/6000197072431,,400 g,Walmart.ca > Grocery > Frozen Food > Frozen Pizza,Dr.Oetker,Dr. Oetker Casa Di Mama Hawaiian Pizza,SKU:6000197072432,UPC:5833617304,ID:6000197072431,Walmart Item #:30474126,$4.98,,,,$1.25/100GR,"Casa Di Mama… Homemade pizza taste just like Mama used to make! Dr. Oetker Casa Di Mama Hawaiian Pizza is topped with a unique tomato creamy sauce, pineapple, ham and the perfect blend of edam and mozzarella. Enjoy delicious pizza moments with Dr Oetker!
• Creamy Tomato Sauce, Pineapple, Ham, Edam and Mozzarella Cheese
• Cook Time: 14-16 minutes 
• Made in Canada from domestic and imported ingredients

Cooking Instructions: 
1. Ensure oven rack is in the middle position. Preheat oven to 450oF (230oC). Keep pizza frozen until ready to bake.
2. Remove pizza from packaging
3. Loosen the baking parchment and lift off together with the pizza from the cardboard
4. Place the pizza with parchment on a dark or non-shiny pizza pan
5. Bake for 14-16 minutes and until cheese is melted and crust is golden brown. 
NOTE: Individual oven cooking times may vary. CAUTION: Pizza will be very hot",Made in Canada,"[{""Product Type"":""Hawaiian""},{""Storage Type"":""Frozen""},{""Clearout Deal"":""No""},{""Lifestyle\/Dietary Need"":""No egg,No fish,No sesame,No shellfish,No sulfite""}]",https://i5.walmartimages.ca/images/Enlarge/759/139/6000199759139.jpg,1,Sold by Walmart,"Crust ENRICHED WHEAT FLOUR,  WATER, YEAST, MODIFIED PALM OIL, SALT, SUGAR, BARLEY MALT EXTRACT, MONOCALCIUM PHOSPHATE, BAKING SODA, ACETYLATED TARTARIC ACID ESTERS OF MONO AND DIGLYCERIDES, DICALCIUM PHOSPHATE, GUAR GUM, HYDROGENATED CANOLA OIL,  CANOLA OIL, CALCIUM CITRATE, ASCORBIC ACID, PENTOSANASE, AMYLASE Toppings PINEAPPLE (PINEAPPLE, WATER, SUGAR, CITRIC ACID), COOKED HAM (PORK, WATER, SALT, DEXTROSE, SODIUM PHOSPHATES, SMOKE FLAVOUR, SODIUM ASCORBATE, NATURAL FLAVOUR, SODIUM NITRITE), HERBS Tomato Cream Sauce SOUR CREAM (CREAM, MILK, BACTERIAL CULTURE), TOMATO PUREE, PINEAPPLE JUICE (WATER, PINEAPPLE, SUGAR, CITRIC ACID), SUGAR, SOYA OIL, MODIFIED CORN STARCH, SALT, SPICES Cheeses EDAM AND MOZZARELLA CHEESE (MILK, BACTERIAL CULTURE, SALT, MICROBIAL ENZYME, CALCIUM CHLORIDE) CONTAINS: WHEAT, BARLEY, MILK","No egg,No fish,No sesame,No shellfish,No sulfite",Add to Cart; Find in Store,3,10,,
Walmart Canada,Drinks,Soft Drinks/Sodas,walmart.ca,https://www.walmart.ca/en/ip/great-value-lemon-flavour-iced-tea-mix/6000195525466,,1 kg,Walmart.ca > Household Supplies & Pantry > Drinks > Soft Drinks > Other Soft Drinks,Great Value,Great Value Lemon Flavour Iced Tea Mix,SKU:6000195525467,UPC:62891524387,ID:6000195525466,Walmart Item #:31237115,$4.97,,,,,In less than a minute you can prepare and sit down with a refreshing glass of lemon iced tea using budget-friendly Great Value Lemon Flavour Iced Tea Mix. Have delicious iced tea right at our fingertips whenever thirst hits you.,,"[{""Product Type"":""Powder""},{""Flavour"":""Lemon""},{""Singleserve"":""No""},{""Storage Type"":""Shelf""},{""Walmart Exclusive"":""Yes""},{""Clearout Deal"":""No""},{""Lifestyle\/Dietary Need"":""Kosher,Vegan-friendly,Vegetarian-friendly""}]",https://i5.walmartimages.ca/images/Enlarge/243/871/628915243871.jpg | https://i5.walmartimages.ca/images/Enlarge/71_/nft/628915243871_NFT.jpg | https://i5.walmartimages.ca/images/Enlarge/71_/nft/628915243871_NFT.jpg,3,Sold by Walmart,"Ingredients:Sugar, Citric Acid, Instant Tea, Calcium Silicate, Sodium Citrate, Caramel Colour, Flavour, Colour. May Contain: Milk, Wheat.","Kosher,Vegan-friendly,Vegetarian-friendly",Add to Cart; Find in Store,4.7,3,,1
Walmart Canada,Drinks,Soft Drinks/Sodas,walmart.ca,https://www.walmart.ca/en/ip/lipton-mango-passionfruit-iced-tea-340ml-cans-12-pack/6000200638069,,12x340mL,Walmart.ca > Grocery > Drinks > Soft Drinks > Other Soft Drinks,Lipton,"Lipton Mango Passionfruit Iced Tea, 340mL Cans, 12 Pack",SKU:6000200638071,UPC:6900015835,ID:6000200638069,Walmart Item #:30593907,$6.47,,,,$0.16/100ML,It's the outstanding refresher. Lipton® adds zesty lemon flavour to its classic iced black tea blend for an exceptional iced tea taste.,"• Made with real tea and blended with delicious mango and passion fruit flavours
• Refreshing and delicious on its own or enjoyed with food
• 12-pack of 340 mL cans is perfect for sharing with friends and family.","[{""Flavour"":""Other""},{""Storage Type"":""Shelf""},{""Clearout Deal"":""No""},{""Lifestyle\/Dietary Need"":""""}]",https://i5.walmartimages.ca/images/Enlarge/477/249/6000203477249.jpg | https://i5.walmartimages.ca/images/Enlarge/477/250/6000203477250.jpg | https://i5.walmartimages.ca/images/Enlarge/477/251/6000203477251.jpg | https://i5.walmartimages.ca/images/Enlarge/477/252/6000203477252.jpg | https://i5.walmartimages.ca/images/Enlarge/477/253/6000203477253.jpg | https://i5.walmartimages.ca/images/Enlarge/372/835/6000203372835.jpg | https://i5.walmartimages.ca/images/Enlarge/856/111/6000201856111.jpg | https://i5.walmartimages.ca/images/Enlarge/374/607/6000203374607.jpg | https://i5.walmartimages.ca/images/Enlarge/374/607/6000203374607.jpg,9,Sold by Walmart,"WATER, SUGAR, CITRIC ACID, BLACK TEA, MALTODEXTRIN, DRIED MANGO JUICE, DRIED PASSIONFRUIT JUICE, ARTIFICIAL FLAVOUR, STEVIA EXTRACT, PECTIN, DEXTROSE.",,Add to Cart; Find in Store,4.4,20,,
Walmart Canada,Frozen,Pizzas,walmart.ca,https://www.walmart.ca/en/ip/dr-oetker-ristorante-4-cheese-pizza/6000001851518,,340 g,Walmart.ca > Grocery > Frozen Food > Frozen Pizza,Ristorante,Dr. Oetker Ristorante 4 Cheese Pizza,SKU:10260181,UPC:5833617006,ID:6000001851518,Walmart Item #:9129533,$4.98,,,,$1.46/100GR,"Experience passion on your palate with Ristorante! Thin & crispy Italian-style pizza. Dr. Oetker Ristorante Quattro Formaggi thin crust pizza is topped with rich mozzarella, Edam, emmental & blue cheese over our tomato signature pizzeria style sauce. Enjoy delicious pizza moments with Dr Oetker! 
• Emmental, Blue Cheese, Mozzarella and Edam
• Cook Time: 13-14 minutes 
• Made in Canada from domestic and imported ingredients

Cooking Instructions:
1. Preheat oven to 425 °F (220 °C).
2. Remove pizza from all packaging.
3. Place frozen pizza directly on the middle oven rack. Bake 13-14 min and until cheese is melted and crust is golden brown.
CAUTION: Pizza will be very hot","Vegetarian
Made in Canada","[{""Product Type"":""Cheese""},{""Storage Type"":""Frozen""},{""Clearout Deal"":""No""},{""Lifestyle\/Dietary Need"":""No egg,No fish,No mustard,No sesame,No shellfish,No sulfite,Vegetarian-friendly""}]",https://i5.walmartimages.ca/images/Enlarge/108/883/108883.jpg,1,Sold by Walmart,"Crust ENRICHED WHEAT FLOUR, WATER, SOYA OIL, YEAST, SALT, SUGAR Cheese Toppings EDAM, MOZZARELLA, EMMENTALER AND BLUE CHEESE (MILK, BACTERIAL CULTURE, SALT, MICROBIAL ENZYME, CALCIUM CHLORIDE, MOLD CULTURE), CREAM (MILK INGREDIENTS, CARRAGEENAN), HERBS, MODIFIED CORN STARCH Sauce TOMATO PUREE, WATER, SUGAR, SOY SAUCE (WATER, WHEAT, SOYBEAN, SALT), OLIVE OIL, SPICES AND HERBS, MODIFIED CORN STARCH, SALT, HYDROLYZED CORN PROTEIN, DEXTROSE, SOYA OIL, CARAMEL COLOUR, GARLIC POWDER Contains: Wheat, Soy, Milk","No egg,No fish,No mustard,No sesame,No shellfish,No sulfite,Vegetarian-friendly",Not Sold;,4.2,6,,
Walmart Canada,Frozen,Pizzas,walmart.ca,https://www.walmart.ca/en/ip/dr-oetker-giuseppe-pizzeria-garlic-fingers-cheese-garlic/6000199642733,,317g,Walmart.ca > Grocery > Frozen Food > Frozen Pizza,Dr.Oetker,Dr. Oetker Giuseppe Pizzeria Garlic Fingers - Cheese & Garlic,SKU:6000199642734,UPC:5833686000,ID:6000199642733,Walmart Item #:31027275,$3.47,,,,$347/100GR,"Giuseppe Garlic Fingers topped with herbs and cheese make for the perfect snack/appetizer your whole family will enjoy. Now available in the Frozen Snacks aisle of your grocery store.

Please note product is not pre-sliced.

For perfect finger sized strips: Cut product in half, then cut perpendicularly into 1.5’’ (3-4 cm) strips.",,"[{""Product Type"":""Cheese""},{""Storage Type"":""Frozen""},{""Clearout Deal"":""No""},{""Lifestyle\/Dietary Need"":""No egg,No fish,No sesame,No shellfish,No sulfite,No artificials""}]",https://i5.walmartimages.ca/images/Enlarge/889/747/6000199889747.jpg,1,Sold by Walmart,"ENRICHED WHEAT FLOUR, WATER, MOZZARELLA CHEESE (MILK, BACTERIAL CULTURE, SALT, MICROBIAL ENZYME, CALCIUM CHLORIDE), SOYA OIL, CANOLA OIL, YEAST, SALT, GRATYED PARMESAN CHEESE (MILK, MODIFIED MILK INGREDIENTS, SALT, BACTERIAL CULTURE, CALCIUM CHLORIDE, MICROBIAL ENZYME, LIPASE, CELLULOSE, SORBIC ACID), GARLIC POWDER, SUGAR, MODIFIED PALM OIL, HERBS, YEAST, SPICES, MONO- AND DIGLYCERIDES CONTAINS: WHEAT, MILK","No egg,No fish,No sesame,No shellfish,No sulfite,No artificials",Add to Cart; Find in Store,2,12,,
Walmart Canada,Frozen,Meatless Alternatives,walmart.ca,https://www.walmart.ca/en/ip/great-value-italian-style-beef-meatballs/6000191275338,,1.2 kg,"Walmart.ca > Grocery > Frozen Food > Frozen Meat, Seafood & Alternatives > Frozen Beef",Great Value,Great Value Italian Style Beef Meatballs,SKU:6000191275339,UPC:62891516515,ID:6000191275338,Walmart Item #:30225814,$9,,,,$0.01/1GR,"Great Value Italian Style Beef Meatballs are a fully cooked ready to eat product. 
 It is microwaveable, with the convince of being able to cook from frozen.  This product is great for dinner parties and much more.",,"[{""Cut"":""Meatballs""},{""Product Type"":""Beef""},{""Storage Type"":""Frozen""},{""Walmart Exclusive"":""Yes""},{""Clearout Deal"":""No""},{""Lifestyle\/Dietary Need"":""No artificials,No added sugars""}]",https://i5.walmartimages.ca/images/Enlarge/182/895/6000204182895.jpg | https://i5.walmartimages.ca/images/Enlarge/581/4_1/30225814_1.jpg | https://i5.walmartimages.ca/images/Enlarge/581/4_1/30225814_1.jpg,3,Sold by Walmart,"Beef, Water, Toasted Wheat Crumb, Soy Protein, Salt, Parmesan Cheese, Soy Flour, Spices and Spice Extracts, Dehydrated Garlic, Dehydrated Onion, Parsley, Canola Oil.","No artificials,No added sugars",Add to Cart; Find in Store,3.5,30,,4
Walmart Canada,Drinks,Soft Drinks/Sodas,walmart.ca,https://www.walmart.ca/en/ip/canada-dry-ginger-ale-355-ml-cans-12-pack/6000001848434,,12 x 355 mL,Walmart.ca > Household Supplies & Pantry > Drinks > Soft Drinks > Other Soft Drinks,Canada Dry,"Canada Dry® Ginger Ale 355 mL Cans, 12 Pack",SKU:10216145,UPC:6210000893,ID:6000001848434,Walmart Item #:9272143,$5.47,,,,$0.13/100ML,"Canada Dry Ginger Ale is a genuine Canadian sparkling favourite with a crisp, clean light and refreshing taste that is perfect to relax and unwind with.","100% natural flavour and caffeine free
The ideal can size for pairing with individual meals or snacks
Can be enjoyed on your own or while entertaining family and friends
Best savoured chilled for the ultimate refreshing beverage experience","[{""Flavour"":""Ginger Ale""},{""Singleserve"":""No""},{""Storage Type"":""Refrigerate""},{""Clearout Deal"":""No""},{""Lifestyle\/Dietary Need"":""No egg,No fish,No milk,No mustard,No sesame,No shellfish,No soy,No sulfite,No wheat,No lactose,Kosher,Vegan-friendly,Vegetarian-friendly""}]",https://i5.walmartimages.ca/images/Enlarge/128/653/128653.jpg | https://i5.walmartimages.ca/images/Enlarge/114/531/6000200114531.jpg | https://i5.walmartimages.ca/images/Enlarge/865/3_2/128653_2.jpg | https://i5.walmartimages.ca/images/Enlarge/114/568/6000200114568.jpg | https://i5.walmartimages.ca/images/Enlarge/114/481/6000200114481.jpg | https://i5.walmartimages.ca/images/Enlarge/192/680/6000200192680.jpg | https://i5.walmartimages.ca/images/Enlarge/192/618/6000200192618.jpg | https://i5.walmartimages.ca/images/Enlarge/35_/nft/62100008935_NFT.jpg,8,Sold by Walmart,"CARBONATED WATER, SUGAR/GLUCOSE-FRUCTOSE, CITRIC ACID, SODIUM BENZOATE, COLOUR, NATURAL FLAVOUR.","No egg,No fish,No milk,No mustard,No sesame,No shellfish,No soy,No sulfite,No wheat,No lactose,Kosher,Vegan-friendly,Vegetarian-friendly",Add to Cart; Find in Store,5,7,,
Walmart Canada,Frozen,Pizzas,walmart.ca,https://www.walmart.ca/en/ip/dr-oetker-ristorante-pizza-mozzarella/6000001850839,,325 g,Walmart.ca > Grocery > Frozen Food > Frozen Pizza,Ristorante,Dr. Oetker Ristorante Pizza Mozzarella,SKU:10260145,UPC:5833617001,ID:6000001850839,Walmart Item #:9129484,$4.98,,,,$1.53/100GR,"Wonderful fresh cheese enhances this pizza’s elegant flavour, a combination of tomatoes, mozzarella, edam cheese and a delightful mixture of herbs.",,"[{""Product Type"":""Cheese""},{""Storage Type"":""Frozen""},{""Clearout Deal"":""No""},{""Lifestyle\/Dietary Need"":""No egg,No fish,No sesame,No shellfish,No sulfite,Vegetarian-friendly""}]",https://i5.walmartimages.ca/images/Enlarge/108/880/108880.jpg,1,Sold by Walmart,"Crust ENRICHED WHEAT FLOUR, WATER, SOYA OIL, YEAST, SALT, SUGAR Sauce TOMATO PUREE, WATER, CANOLA OIL, SPICES AND HERBS, SPINACH, SUGAR, SOYA OIL, MODIFIED CORN STARCH, SALT, GARLIC POWDER, MODIFIED PALM OIL, HYDROLYZED CORN PROTEIN, DEXTROSE, MONO AND DIGLYCERIDES, CONCENTRATED LEMON JUICE, CARAMEL COLOUR Toppings MOZZARELLA CHEESE (MILK, BACTERIAL CULTURE, SALT, MICROBIAL ENZYME, CALCIUM CHLORIDE), DICED TOMATOES, HERBS Garniture FROMAGE MOZZARELLA (LAIT, CULTURE BACTÉRIENNE, SEL, ENZYME MICROBIENNE, CHLORURE DE CALCIUM), TOMATES EN DÉS, FINES HERBES CHEESES EDAM AND MOZZARELLA CHEESE (MILK, BACTERIAL CULTURE, SALT, MICROBIAL ENZYME, CALCIUM CHLORIDE) Contains: Wheat, Milk","No egg,No fish,No sesame,No shellfish,No sulfite,Vegetarian-friendly",Add to Cart; Find in Store,5,2,,
Walmart Canada,Drinks,Soft Drinks/Sodas,walmart.ca,https://www.walmart.ca/en/ip/coca-cola-zero-sugar-355ml-cans-12-pack/6000097120104,,12 x 355 mL,Walmart.ca > Household Supplies & Pantry > Drinks > Soft Drinks > Diet Cola,Coca-Cola,"Coca-Cola Zero Sugar 355mL Cans, 12 Pack",SKU:10216151,UPC:6700010665,ID:6000097120104,Walmart Item #:30524517,$5.47,,,,$0.13/100ML,"Soda. Pop. Soft drink. Sparkling beverage. Carbonated drink.

Whatever you call it, nothing compares to the refreshing, crisp taste of Coca-Cola Zero Sugar. Enjoy with friends, on the go or with a meal. Whatever the occasion, wherever you are, Coca-Cola Zero Sugar makes life’s special moments a little bit better.

The great taste of Coca-Cola has stood the test of time. And Coca-Cola Zero Sugar brings you a Coca-Cola taste with zero sugar and zero calories. Between the delicious taste and refreshing fizz, it’s sure to give you that “ahhh” moment whenever you want it.
 
Every sip, every “ahhh,” every smile—find that feeling with Coca-Cola Zero Sugar. Best enjoyed ice-cold for maximum refreshment. Grab a Coca-Cola Zero Sugar, take a sip and find your “ahhh” moment.

Whatever you’re looking for in a soda, there’s a Coca-Cola to satisfy your taste buds.

Enjoy Coca-Cola Zero Sugar.","Great Coca-Cola taste, zero sugar
Refreshing, crisp taste pairs perfectly with a meal or with friends
34 mg of caffeine in each 355 mL serving
355 mL in each can
This carbonated beverage is best enjoyed ice-cold for maximum refreshment.
Perfect size to be enjoyed with meals or snacking","[{""Flavour"":""Cola""},{""Singleserve"":""No""},{""Storage Type"":""Refrigerate""},{""Clearout Deal"":""No""},{""Lifestyle\/Dietary Need"":""No egg,No fish,No milk,No mustard,No sesame,No shellfish,No soy,No sulfite,No wheat,No lactose,No added sugars,Vegan-friendly,Vegetarian-friendly""}]",https://i5.walmartimages.ca/images/Enlarge/155/502/155502.jpg | https://i5.walmartimages.ca/images/Enlarge/550/2_1/155502_1.jpg | https://i5.walmartimages.ca/images/Enlarge/550/2_2/155502_2.jpg | https://i5.walmartimages.ca/images/Enlarge/114/506/6000200114506.jpg | https://i5.walmartimages.ca/images/Enlarge/114/547/6000200114547.jpg | https://i5.walmartimages.ca/images/Enlarge/114/470/6000200114470.jpg | https://i5.walmartimages.ca/images/Enlarge/192/611/6000200192611.jpg | https://i5.walmartimages.ca/images/Enlarge/192/591/6000200192591.jpg | https://i5.walmartimages.ca/images/Enlarge/192/605/6000200192605.jpg | https://i5.walmartimages.ca/images/Enlarge/51_/nft/67000106651_NFT.jpg | https://i5.walmartimages.ca/images/Enlarge/51_/nft/67000106651_NFT.jpg,11,Sold by Walmart,"Carbonated water, Caramel colour, Phosphoric acid, Aspartame (contains phenylalanine), Potassium benzoate, Natural flavour, Potassium citrate, Acesulfame-potassium, Caffeine. Contains (per 355 mL): 46 mg acesulfame-potassium, 85 mg aspartame.","No egg,No fish,No milk,No mustard,No sesame,No shellfish,No soy,No sulfite,No wheat,No lactose,No added sugars,Vegan-friendly,Vegetarian-friendly",Add to Cart; Find in Store,3,6,,
Walmart Canada,Frozen,Pizzas,walmart.ca,https://www.walmart.ca/en/ip/delissio-rising-crust-3-meat-pizza/6000195442513,,834 GR,Walmart.ca > Grocery > Frozen Food > Frozen Pizza,Delissio,DELISSIO Rising Crust 3 Meat Pizza,SKU:6000195442514,UPC:7192137344,ID:6000195442513,Walmart Item #:30875831,$5.44,,,,$0.65/100GR,"There’s nothing quite like a classic rising crust pizza topped with your favourite ingredients. DELISSIO® Rising Crust Pizza 3 Meat (834 g) tops a high-rising, thick crust with pepperoni, seasoned beef, and Italian sausage  – a dream pizza for all meat lovers! Whether treating yourself or pleasing a crowd, the soft and fluffy crust with a crispy outside makes every night an irresistible pizza night. Made with high quality ingredients, it’s no wonder DELISSIO® is the Most Trusted Frozen Pizza Brand in Canada*. It’s easy to cook up a delish pizza that tastes just like delivery. It’s not delivery, It’s DELISSIO!® *BrandSpark International inc. 2017/2018","• A classic, thick crust with a fluffy inside, topped with pepperoni, seasoned beef, and Italian sausage
• Made with only quality ingredients, DELISSIO® is the Most Trusted Frozen Pizza Brand in Canada*
• Quick and easy way to turn any night into a mouth-watering pizza night – perfect for a night in, pleasing the crowd, or a tasty appetizer
• Add your favourite ingredients for your own pizza personalization
• The only door you need to open is your oven. It’s not delivery, it’s DELISSIO!®","[{""Singleserve"":""No""},{""Product Type"":""Meat""},{""Storage Type"":""Frozen""},{""Features"":""\u2022 A classic""},{""Features"":"" thick crust with a fluffy inside""},{""Features"":"" topped with pepperoni""},{""Features"":"" seasoned beef""},{""Batteries Included"":""N""},{""Clearout Deal"":""No""},{""Lifestyle\/Dietary Need"":""No egg,No fish,No sesame,No shellfish,No sulfite""}]",https://i5.walmartimages.com/asr/8895952e-d342-4241-b2d1-f1d77266ba8f.64d0a7983c928ace115af13c7d55775e.jpeg?odnHeight=2000&odnWidth=2000&odnBg=ffffff | https://i5.walmartimages.com/asr/c34aa53a-bd5d-4855-8bbf-532358749fa5.6b50770d1f7ef17b1ace9f2d11d21a88.jpeg?odnHeight=2000&odnWidth=2000&odnBg=ffffff | https://i5.walmartimages.com/asr/dc20020c-12de-4dcd-8de1-80cfa22be5cd.f150add15259ef62051d716dc2a6094a.jpeg?odnHeight=2000&odnWidth=2000&odnBg=ffffff | https://i5.walmartimages.com/asr/df17c2d0-b035-464d-9a6d-fd31fc6f31ed.fe7030c4560ed72aefdcc30971a01d03.jpeg?odnHeight=2000&odnWidth=2000&odnBg=ffffff | https://i5.walmartimages.com/asr/a7673249-b371-4319-a883-f38cc64dcc1e.57d2f6e9ba84fd65b39a2ed3f9fe4a3e.jpeg?odnHeight=2000&odnWidth=2000&odnBg=ffffff | https://i5.walmartimages.com/asr/22220eab-4002-4516-a735-3f87df1d8c25.0add059490a3cd43a366ca56323e5db5.jpeg?odnHeight=2000&odnWidth=2000&odnBg=ffffff,6,Sold by Walmart,"Crust (wheat flour, water, sugar, corn meal, wheat gluten, soya oil, yeast, salt, modified palm oil, DATEM,  baking soda, mineral oil, sunflower lecithin, ascorbic acid,  glucoamylase, glucose oxidase, xylanase), Sauce (water, tomato paste, soya oil, salt, garlic, spices and herbs), Part-skim mozzarella cheese (partly skimmed milk, bacterial cultures, salt, microbial enzyme), Pepperoni (pork, salt, sugars [dextrose], bacterial culture,  pork stock, garlic, sodium nitrite, sodium ascorbate, citric acid, smoke flavour,  flavour, spices [mustard]), Cooked Italian sausage (pork, water, textured soy protein, salt ,sugar, soya oil, pork fat, sodium phosphate, spices, flavour), Cooked seasoned beef (beef, water, textured soy protein, potato, salt, hydrolyzed corn, soy, and wheat proteins, sugars [corn syrup solids, corn maltodextrin], garlic, beef and pork fat, soya oil, sodium phosphate, flavour, spices).","No egg,No fish,No sesame,No shellfish,No sulfite",Add to Cart; Find in Store,4.2,70,,
Walmart Canada,Drinks,Soft Drinks/Sodas,walmart.ca,https://www.walmart.ca/en/ip/diet-coke-355ml-can-12-pk/6000097119974,,12 x 355 mL,Walmart.ca > Household Supplies & Pantry > Drinks > Soft Drinks > Diet Cola,Diet Coke,"Diet Coke 355mL Can, 12 pk",SKU:10216222,UPC:6700010484,ID:6000097119974,Walmart Item #:9210850,$5.47,,,,$0.13/100ML,"Crisp, cold, and reliable, this is the one and only Diet Coke —your everyday wing (wo)man, your deliciously fizzy go-to companion. This is the kind of sugar-free soda that you want throughout your day. Whether you’re looking for a tasty way start to your day, or to refresh your afternoon. You'll never be lost with a Diet Coke.
 
Diet Coke always hits the spot especially during afternoon breaks from work or mid-day get-togethers with friends in the backyard. In fact, it’s basically a friend itself. Because it’s the best kind of familiar, and something you never have to second guess. You trust it, and it’s always there for you whenever you want it. 
   
Diet Coke also comes in a caffeine free option. And if you’re looking to excite your taste buds even more, there’s a host of different flavours to satisfy. Really, it’s just the diet cola you know you can turn to, no matter what you’re looking for. 
 
So when you want a diet soda, think Diet Coke. Because Diet Coke is an original, just like you. Oh yeah, and it’s incredibly refreshing. Always.","Diet Coke is a delicious, crisp, sparkling diet cola that’s fizzing delicious
No Calories, sugar-free
Diet Coke, Because I Can
45 mg of caffeine per 355 mL serving
355 mL per can of diet soda","[{""Flavour"":""Cola""},{""Singleserve"":""No""},{""Storage Type"":""Refrigerate""},{""Clearout Deal"":""No""},{""Lifestyle\/Dietary Need"":""No egg,No fish,No milk,No mustard,No sesame,No shellfish,No soy,No sulfite,No wheat,No lactose,No added sugars,Vegan-friendly,Vegetarian-friendly""}]",https://i5.walmartimages.ca/images/Enlarge/155/464/155464.jpg | https://i5.walmartimages.ca/images/Enlarge/546/4_1/155464_1.jpg | https://i5.walmartimages.ca/images/Enlarge/546/4_2/155464_2.jpg | https://i5.walmartimages.ca/images/Enlarge/114/558/6000200114558.jpg | https://i5.walmartimages.ca/images/Enlarge/114/514/6000200114514.jpg | https://i5.walmartimages.ca/images/Enlarge/114/457/6000200114457.jpg | https://i5.walmartimages.ca/images/Enlarge/192/697/6000200192697.jpg | https://i5.walmartimages.ca/images/Enlarge/192/593/6000200192593.jpg | https://i5.walmartimages.ca/images/Enlarge/192/612/6000200192612.jpg | https://i5.walmartimages.ca/images/Enlarge/48_/nft/67000104848_NFT.jpg | https://i5.walmartimages.ca/images/Enlarge/48_/nft/67000104848_NFT.jpg,11,Sold by Walmart,"CARBONATED WATER, CARAMEL COLOUR, PHOSPHORIC AND CITRIC ACID, ASPARTAME (CONTAINS PHENYLALANINE), FLAVOUR, SODIUM BENZOATE, CAFFEINE, ACESULFAME-POTASSIUM.","No egg,No fish,No milk,No mustard,No sesame,No shellfish,No soy,No sulfite,No wheat,No lactose,No added sugars,Vegan-friendly,Vegetarian-friendly",Add to Cart; Find in Store,5,2,,
Walmart Canada,Drinks,Soft Drinks/Sodas,walmart.ca,https://www.walmart.ca/en/ip/pepsi-cola-355ml-cans-12-pack/6000016954767,,12x355mL,Walmart.ca > Household Supplies & Pantry > Drinks > Soft Drinks > Cola,Pepsi,"Pepsi Cola, 355mL Cans, 12 Pack",SKU:206933,UPC:6900000428,ID:6000016954767,Walmart Item #:9238876,$5.47,,,,$0.13/100ML,"Pepsi® soft drink is a bold, refreshing, robust cola. Perfect for parties, meals and celebrations big and small. This 12-pack of 355 mL cans is ideal for sharing with family and friends.","•Pepsi® Cola
•Bold, refreshing, great tasting cola.
•Perfect for any occasion or celebration.
•12-pack of 355 mL cans is ideal for sharing with family and friends.","[{""Flavour"":""Cola""},{""Singleserve"":""No""},{""Storage Type"":""Shelf""},{""Clearout Deal"":""No""},{""Lifestyle\/Dietary Need"":""No egg,No fish,No milk,No mustard,No sesame,No shellfish,No soy,No sulfite,No wheat,No lactose,Kosher,Vegan-friendly,Vegetarian-friendly""}]",https://i5.walmartimages.ca/images/Enlarge/004/289/999999-69000004289.jpg | https://i5.walmartimages.ca/images/Enlarge/1c1/_fr/00069000004289_a1c1_fr.jpg | https://i5.walmartimages.ca/images/Enlarge/428/9_1/999999-69000004289_1.jpg | https://i5.walmartimages.ca/images/Enlarge/849/632/6000201849632.jpg | https://i5.walmartimages.ca/images/Enlarge/886/178/6000202886178.jpg | https://i5.walmartimages.ca/images/Enlarge/886/178/6000202886178.jpg,6,Sold by Walmart,"CARBONATED WATER, GLUCOSE-FRUCTOSE AND/OR SUGAR, CARAMEL COLOUR, PHOSPHORIC ACID, CAFFEINE, CITRIC ACID, NATURAL FLAVOUR.","No egg,No fish,No milk,No mustard,No sesame,No shellfish,No soy,No sulfite,No wheat,No lactose,Kosher,Vegan-friendly,Vegetarian-friendly",Add to Cart; Find in Store,4.6,444,,
Walmart Canada,Frozen,Meatless Alternatives,walmart.ca,https://www.walmart.ca/en/ip/great-value-cooked-pacific-white-shrimp/6000196383009,,625 g,"Walmart.ca > Grocery > Frozen Food > Frozen Meat, Seafood & Alternatives > Frozen Fish & Seafood",Great Value,Great Value Cooked Pacific White Shrimp,SKU:6000196383010,UPC:62891536207,ID:6000196383009,Walmart Item #:30232350,$9.97,,,,$1.6/100GR,"A tasty addition to a variety of meals, frozen Great Value Shrimp are pre-cooked and ready to eat. With 71-90 shrimp per pound, these Great Value Shrimp are deveined and peeled, with the tail left on for easy preparation. They're perfect for shrimp cocktail at your next dinner party!

The Great Value brand strives to provide Canadian families everyday value that does not compromise on quality. All of our Great Value products come with a 100% satisfaction guarantee, or your money back. With Great Value, you can feel confident that you are making a great choice!",,"[{""Cut"":""Seafood""},{""Product Type"":""Seafood""},{""Storage Type"":""Frozen""},{""Walmart Exclusive"":""Yes""},{""Clearout Deal"":""No""},{""Lifestyle\/Dietary Need"":""No artificials,No added sugars,Paleo-friendly,Whole30-friendly""}]",https://i5.walmartimages.ca/images/Enlarge/260/628/6000203260628.jpg | https://i5.walmartimages.ca/images/Enlarge/77_/nft/628915362077_NFT.jpg | https://i5.walmartimages.ca/images/Enlarge/77_/nft/628915362077_NFT.jpg,3,Sold by Walmart,"Pacific white shrimp, sodium tripolyphosphate, salt. Contains: Shrimp. May Contain: Peanuts, sesame, eggs, shellfish, soy, sulphites","No artificials,No added sugars,Paleo-friendly,Whole30-friendly",Add to Cart; Find in Store,4.8,17,,3
Walmart Canada,Frozen,Meatless Alternatives,walmart.ca,https://www.walmart.ca/en/ip/new-zealand-spring-lamb-loin-chops/6000196072939,,"Loin chops cut 3/8"" thick","Walmart.ca > Grocery > Frozen Food > Frozen Meat, Seafood & Alternatives > Frozen Beef",New Zealand Spring Lamb,New Zealand Spring Lamb Loin Chops,SKU:6000196072940,UPC:60538876556,ID:6000196072939,Walmart Item #:9315835,$19.97,,,,$2.85/100GR,"New Zealand Spring Lamb provides you with the premium quality product raised in free roaming conditions of beautiful New Zealand.  All of our lambs are Grass Fed, Raised Without Antibiotics or Added Hormones.  Enjoy the tender and delicious taste of New Zealand Spring Lamb!",,"[{""Product Type"":""Other""},{""Cut"":""Other""},{""Storage Type"":""Frozen""},{""Clearout Deal"":""No""},{""Lifestyle\/Dietary Need"":""Halal""}]",https://i5.walmartimages.ca/images/Enlarge/513/965/6000200513965.jpg,1,Sold by Walmart,Lamb,Halal,Add to Cart; Find in Store,3,5,,1
Walmart Canada,Frozen,Meatless Alternatives,walmart.ca,https://www.walmart.ca/en/ip/searay-seafood-medley/6000198770894,,800g,"Walmart.ca > Grocery > Frozen Food > Frozen Meat, Seafood & Alternatives > Frozen Fish & Seafood",Searay Foods Inc.,Searay Seafood Medley,SKU:6000198770895,UPC:82751000200,ID:6000198770894,Walmart Item #:30312623,$8.97,,,,$0.02/1EA,"Searay Seafood Medley is a blend of seafood including squid heads, shrimp meat, squid meat/ring/strip/cut, cooked mussel meat, and octopus meat. It gives great colour to any dish including salads, pasta, and even pizzas at any time. It saves preparation time, just thaw and serve.",,"[{""Cut"":""Seafood""},{""Product Type"":""Seafood""},{""Storage Type"":""Frozen""},{""Clearout Deal"":""No""},{""Lifestyle\/Dietary Need"":""""}]",https://i5.walmartimages.ca/images/Enlarge/842/412/6000200842412.jpg | https://i5.walmartimages.ca/images/Enlarge/842/422/6000200842422.jpg,2,Sold by Walmart,"Squid Heads, Shrimp Meat, Squid Meat/Ring/Strip/Cut, Cooked Mussel Meat, Octopus Meat, Salt, Sodium Tripolyphosphate",,Add to Cart; Find in Store,1,1,,
Walmart Canada,Frozen,Meatless Alternatives,walmart.ca,https://www.walmart.ca/en/ip/gardein-meat-free-sweet-and-tangy-barbecue-wings/6000195508456,,255 g,"Walmart.ca > Grocery > Frozen Food > Frozen Meat, Seafood & Alternatives > Frozen Plant-based Proteins",Gardein,Gardein Meat-free Sweet And Tangy Barbecue Wings,SKU:6000195508457,UPC:84223400088,ID:6000195508456,Walmart Item #:30442034,$5.27,,,,,"Heat up, kick back and enjoy these sweet and tangy bbq wings! In 6 minutes they are crispy and saucy and ready to be enjoyed as an appetizer or a main meal.",,"[{""Storage Type"":""Frozen""},{""Product Type"":""Other""},{""Lifestyle and Dietary Claims"":""11""},{""Batteries Included"":""N""},{""Clearout Deal"":""No""},{""Lifestyle\/Dietary Need"":""No egg,No fish,No milk,No sesame,No shellfish,No lactose,Kosher,Vegan-friendly,Vegetarian-friendly""}]",https://i5.walmartimages.com/asr/b6a74f0d-5eaa-4dc9-976b-fb688c04e79a.8c0125525e74ffc58f136b4d59e3fbcd.jpeg?odnHeight=2000&odnWidth=2000&odnBg=ffffff | https://i5.walmartimages.com/asr/78ac44c0-9c0a-4c2c-97e8-ae6ae8f8baab.bce9cee2a40bfb5ef615ecc95e233f98.jpeg?odnHeight=2000&odnWidth=2000&odnBg=ffffff,2,Sold by Walmart,"water, tomatoes in puree (tomatoes, citric acid), soy protein isolate, cane sugar, wheat gluten, canola oil, methylcellulose, ancient grain flour (kamut, amaranth, millet, quinoa), white vinegar, molasses, yeast extract, dipotassium phosphate, sea salt, seasoning (yeast extract, maltodextrin, natural flavours, onion powder, spices), potato starch, natural, flavour, malted barley extract, colour, spices, soy sauce (water, soybeans, salt), cornstarch, dextrin, gum arabic, salt, onion powder, garlic powder, xanthan gum, sunflower oil, pea protein, carrot powder, red chili flakes, sugar beet fibre, hickory smoke flavour, vitamins and minerals (maltodextrin, magnesium oxide, ferric orthophosphate, niacinamide, zinc oxide, vitamin b12, calcium pantothenate, pyridoxine hydrochloride, thiamine hydrochloride, riboflavin). Contains: soy, wheat, barley.","No egg,No fish,No milk,No sesame,No shellfish,No lactose,Kosher,Vegan-friendly,Vegetarian-friendly",Add to Cart; Find in Store,5,1,,
Walmart Canada,Drinks,Coffee,walmart.ca,https://www.walmart.ca/en/ip/coffee-mate-french-vanilla-powder-425-g/6000146304122,,425 GR,Walmart.ca > Household Supplies & Pantry > Drinks > Coffee > Coffee Whiteners,Coffee-Mate,COFFEE-MATE® French Vanilla Powder 425 g,SKU:10299421,UPC:5500069726,ID:6000146304122,Walmart Item #:9227462,$4.97,,,,$1.17/100GR,"There’s nothing quite like a deliciously creamy tasting cup of coffee or tea with COFFEE-MATE® French Vanilla Powder (425 g). Thanks to this classic COFFEE-MATE® powdered coffee enhancer it’s never been easier to create the perfect cup of velvety goodness any time of day. This perennial favorite blends sumptuous creamy flavour with just the right amount of bright vanilla notes for a taste that’s simply beyond compare. Plus, COFFEE-MATE® is lactose free. Fall in love with COFFEE-MATE®’s smooth & rich taste! Whether starting your day or taking a moment to recharge, the rich, creamy taste of COFFEE-MATE® French Vanilla has the exceptional flavor to wake up your cup.","• Classic rich and creamy tasting COFFEE-MATE® flavour enhancer creates the perfect cup of velvety goodness with just the right amount of bright vanilla notes for a taste that’s simply beyond compare
• Around one teaspoon will transform your coffee and tea every time – morning, noon or night
• COFFEE-MATE® has been keeping your tea and coffee rich and creamy tasting since 1961
• Lactose free COFFEE-MATE® pairs perfectly with a cup of NESCAFE® instant coffee
• Easily recyclable, simply dispose of label then recycle container and cap","[{""Flavour"":""French vanilla""},{""Product Type"":""Coffee Creamer""},{""Light"":""No""},{""Singleserve"":""No""},{""Storage Type"":""Shelf""},{""Clearout Deal"":""No""},{""Lifestyle\/Dietary Need"":""No egg,No fish,No mustard,No sesame,No shellfish,No sulfite,No wheat,Vegetarian-friendly""}]",https://i5.walmartimages.ca/images/Enlarge/_85/863/85863.jpg | https://i5.walmartimages.ca/images/Enlarge/586/3_2/85863_2.jpg | https://i5.walmartimages.ca/images/Enlarge/567/083/6000199567083.jpg | https://i5.walmartimages.ca/images/Enlarge/567/082/6000199567082.jpg | https://i5.walmartimages.ca/images/Enlarge/927/670/6000203927670.jpg | https://i5.walmartimages.ca/images/Enlarge/567/080/6000199567080.jpg | https://i5.walmartimages.ca/images/Enlarge/927/691/6000203927691.jpg | https://i5.walmartimages.ca/images/Enlarge/927/686/6000203927686.jpg | https://i5.walmartimages.ca/images/Enlarge/62_/nft/55000697262_NFT.jpg | https://i5.walmartimages.ca/images/Enlarge/62_/nft/55000697262_NFT.jpg,10,Sold by Walmart,"SUGAR, HYDROGENATED VEGETABLE OIL (MAY CONTAIN COCONUT, PALM KERNEL AND/OR SOY OIL), GLUCOSE SYRUP, SODIUM CASEINATE (A MILK DERIVATIVE), DIPOTASSIUM PHOSPHATE, MONOGLYCERIDES, FLAVOUR AND ARTIFICIAL FLAVOUR, SODIUM ALUMINUM SILICATE, SALT, ACETYLATED TARTARIC ACID ESTERS OF MONO· AND DIGLYCERIDES.","No egg,No fish,No mustard,No sesame,No shellfish,No sulfite,No wheat,Vegetarian-friendly",Add to Cart; Find in Store,3.5,31,,1
Walmart Canada,Frozen,Meatless Alternatives,walmart.ca,https://www.walmart.ca/en/ip/catch-of-the-day-wild-pacific-salmon-fillets/6000191289750,,680 g,"Walmart.ca > Grocery > Frozen Food > Frozen Meat, Seafood & Alternatives > Frozen Fish & Seafood",Catch Of The Day,Catch Of The Day Wild Pacific Salmon Fillets,SKU:6000191289751,UPC:6176306114,ID:6000191289750,Walmart Item #:30360782,$11.97,,,,$1.76/100GR,Catch of the Day offers delicious-tasting fillets at great value. Packaging offers easy cooking instructions for various methods plus a recipe.,,"[{""Cut"":""Fillets""},{""Product Type"":""Seafood""},{""Storage Type"":""Frozen""},{""Clearout Deal"":""No""},{""Lifestyle\/Dietary Need"":""No egg,No milk,No mustard,No sesame,No shellfish,No soy,No sulfite,No wheat,No lactose,No artificials,No added sugars,Paleo-friendly,Whole30-friendly""}]",https://i5.walmartimages.ca/images/Enlarge/ill/ets/999999-61763061141COTD Salmon Fillets.jpg | https://i5.walmartimages.ca/images/Enlarge/611/4_1/999999-BI 6114_1.jpg | https://i5.walmartimages.ca/images/Enlarge/611/4_1/999999-BI 6114_1.jpg | https://i5.walmartimages.ca/images/Enlarge/611/4_1/999999-BI 6114_1.jpg,4,Sold by Walmart,"PINK SALMON FISH FILLETS, WATER, SODIUM PHOSPHATE.","No egg,No milk,No mustard,No sesame,No shellfish,No soy,No sulfite,No wheat,No lactose,No artificials,No added sugars,Paleo-friendly,Whole30-friendly",Not Sold;,2.3,6,,3
Walmart Canada,Frozen,Meatless Alternatives,walmart.ca,https://www.walmart.ca/en/ip/great-value-wild-caught-cod-portions/6000200486994,,908 g,"Walmart.ca > Grocery > Frozen Food > Frozen Meat, Seafood & Alternatives > Frozen Fish & Seafood",Great Value,Great Value Wild Caught Cod Portions,SKU:6000200486997,UPC:62891741284,ID:6000200486994,Walmart Item #:30624346,$9.97,,,,,Great Value Wild Caught Cod Portions,"• Skinless
• Sustainably sourced
• Individually vacuum sealed
• Keep frozen
• Uncooked
• Certified sustainable seafood","[{""Cut"":""Fillets""},{""Product Type"":""Seafood""},{""Storage Type"":""Frozen""},{""Walmart Exclusive"":""Yes""},{""Lifestyle\/Dietary Need"":""No artificials,No added sugars,Paleo-friendly,Whole30-friendly""}]",https://i5.walmartimages.ca/images/Enlarge/934/455/6000200934455.jpg,1,Sold by Walmart,Other,"No artificials,No added sugars,Paleo-friendly,Whole30-friendly",Add to Cart; Find in Store,4.2,6,,3
Walmart Canada,Frozen,Pizzas,walmart.ca,https://www.walmart.ca/en/ip/pillsbury-pizza-pops-pepperoni-bacon-pizza-snacks/6000198580444,,"30 pizza snacks, 3 kg",Walmart.ca > Grocery > Frozen Food > Frozen Pizza,Pillsbury,Pillsbury Pizza Pops Pepperoni + Bacon Pizza Snacks,SKU:6000198580445,UPC:6905249524,ID:6000198580444,Walmart Item #:31585535,$17.48,,,,$58.27/100GR,Golden Pillsbury Pizza Pops loaded with awesome stuff! Packed with pizza goodness for a serious way to satisfy everyone’s pizza craving! Perfect for a quick microwaveable office snack or baked in the oven for a crispy cafeteria treat!,"• The perfect after-school snack for kids!
• Canada’s Best Selling Pizza Snack!
• Try all 7 great flavours to meet all your pizza cravings
• Try our Crispy Crust for a bigger pizza meal!
• Box contains: 30 pizza snacks","[{""Product Type"":""Handhelds & Pockets""},{""Storage Type"":""Frozen""},{""Clearout Deal"":""No""},{""Lifestyle\/Dietary Need"":""No egg,No fish,No sesame,No shellfish,No sulfite,No artificials""}]",https://i5.walmartimages.ca/images/Enlarge/799/986/6000200799986.jpg | https://i5.walmartimages.ca/images/Enlarge/376/752/6000201376752.jpg | https://i5.walmartimages.ca/images/Enlarge/779/277/6000201779277.jpg | https://i5.walmartimages.ca/images/Enlarge/779/300/6000201779300.jpg | https://i5.walmartimages.ca/images/Enlarge/779/337/6000201779337.jpg | https://i5.walmartimages.ca/images/Enlarge/779/374/6000201779374.jpg,6,Sold by Walmart,"ENRICHED WHEAT FLOUR, WATER, PZZA TOPPING (WATER, PALM OIL, MODIFIED CORN STARCH, DRIED FAT FREE MOZZARELLA CHEESE [SKIM MILK, BACTERIAL CULTURES, SALT, MICROBIAL ENZYMES], SOYBEAN OIL, RENNET CASEIN, SALT, SODIUM ALUMINUM PHOSPHATE, POTASSIUM CHLORIDE, CITRIC ACID, GUAR GUM, POTASSIUM SORBATE, TRISODIUM PHOSPHATE, SODIUM CITRATE, TITANIUM DIOXIDE, NATURAL FLAVOUR) AND/OR PIZZA TOPPING (WATER, PALM OIL, MODIFIED POTATO STARCH, RENNET CASEIN, MODIFIED CORN STARCH, SODIUM CITRATE, POTASSIUM CHLORIDE, LACTIC ACID, SODIUM ALUMINUM PHOSPHATE, SALT, SODIUM PHOSPHATE, CARRAGEENAN, NATURAL FLAVOUR [CONTAINS MODIFIED MILK INGREDIENTS], TITANIUM DIOXIDE), COOKED PEPPERONI, CANOLA OIL, CONCENTRATED TOMATO PASTE, SUGAR, COOKED BACON, SALT, MODIFIED CORN STARCH, DEXTROSE, SODIUM STEAROYL-2-LACTYLATE, METHYCELLULOSE, BAKING SODA, SODIUM ALUMINUM PHOSPHATE, SPICES, CITRIC ACID, HIGH MONOUNSATURATED CANOLA OIL, MONOCALCIUM PHOSPHATE, MALIC ACID, NATURAL FLAVOUR, GARLIC EXTRACT, GLUTAMIC ACID, YEAST EXTRACT, ONION EXTRACT, TOMATO POWDER, STEVIA EXTRACT. CONTAINS WHEAT AND MILK INGREDIENTS.","No egg,No fish,No sesame,No shellfish,No sulfite,No artificials",Add to Cart; Find in Store,4.7,3,,
Walmart Canada,Frozen,Meatless Alternatives,walmart.ca,https://www.walmart.ca/en/ip/great-value-crispy-breaded-haddock-fish-fillets/6000198478803,,585 g,"Walmart.ca > Grocery > Frozen Food > Frozen Meat, Seafood & Alternatives > Frozen Fish & Seafood",Great Value,Great Value Crispy Breaded Haddock Fish Fillets,SKU:6000198478804,UPC:62891575216,ID:6000198478803,Walmart Item #:31571767,$6.97,,,,$1.19/100GR,"It's easy to enjoy fish at home with the help of Great Value's Crispy Breaded Haddock Fillets. Free from artificial flavours and colours, and free from added preservative, these classic fish pieces go straight from the freezer to the oven for a quick and delicious meal.",• Free from artificial flavours and colours,"[{""Cut"":""Fillets""},{""Product Type"":""Seafood""},{""Storage Type"":""Frozen""},{""Walmart Exclusive"":""Yes""},{""Clearout Deal"":""No""},{""Lifestyle\/Dietary Need"":""""}]",https://i5.walmartimages.ca/images/Enlarge/257/193/6000199257193.jpg | https://i5.walmartimages.ca/images/Enlarge/257/196/6000199257196.jpg,2,Sold by Walmart,"Haddock Fillets, Toasted Wheat Crumbs, Water, Vegetable Oil (Canola And/Or Sunflower), Modified Corn Starch, Flour (Enriched Wheat Flour, Corn Flour, Soy Flour), Seasonings (Onion Powder, Yeast Extract, Spices, Garlic Powder, Citric Acid), Salt, Baking Powder, Natural Butter Flavour, Sodium Phosphate (To Retain Moisture), Sugar.Contains: Fish (Haddock), Milk, Soy, Wheat.May Contain: Tree Nuts, Sesame, Eggs, Crustaceans, Shellfish, Mustard.",,Add to Cart; Find in Store,4,8,,1
Walmart Canada,Drinks,Coffee,walmart.ca,https://www.walmart.ca/en/ip/tassimo-mccaf-premium-roast-coffee-single-serve-t-discs/6000188475462,,14 T-Discs,Walmart.ca > Household Supplies & Pantry > Drinks > Coffee > Coffee Pods,McCafe,Tassimo McCafé Premium Roast Coffee Single Serve T-Discs,SKU:6000188475463,UPC:6618800310,ID:6000188475462,Walmart Item #:31013440,$9.97,,,,$0.71/1EA,"Discover the rich, full bodied flavour of Tassimo McCafé Premium Roast Coffee T-Discs. Our McCafé Premium Roast T-Discs are made from high quality 100% Arabica beans roasted slightly darker than medium to yield a perfectly balanced full bodied flavour and a rich, fragrant aroma. Compatible with all Tassimo brewing systems.","• One 116G bag of Tassimo McCafé Premium Roast Coffee T-Discs (14 t-discs)
• Tassimo McCafé Premium Roast Coffee is made with 100% Arabica beans
• Expertly roasted for a smooth, balanced flavour
• T-Discs compatible with Tassimo brewing systems","[{""Product Type"":""Pods""},{""Decaffeinated"":""No""},{""Singleserve"":""No""},{""Storage Type"":""Shelf""},{""Clearout Deal"":""No""},{""Lifestyle\/Dietary Need"":""No egg,No fish,No milk,No mustard,No sesame,No shellfish,No soy,No sulfite,No wheat,No lactose,No artificials,Kosher,No added sugars,Paleo-friendly,Vegan-friendly,Vegetarian-friendly,Whole30-friendly""}]",https://i5.walmartimages.ca/images/Enlarge/003/103/999999-66188003103.jpg | https://i5.walmartimages.ca/images/Enlarge/310/3_1/999999-66188003103_1.jpg | https://i5.walmartimages.ca/images/Enlarge/310/3_2/999999-66188003103_2.jpg | https://i5.walmartimages.ca/images/Enlarge/788/919/6000200788919.jpg,4,Sold by Walmart,INGREDIENT: 100% ARABICA COFFEE.,"No egg,No fish,No milk,No mustard,No sesame,No shellfish,No soy,No sulfite,No wheat,No lactose,No artificials,Kosher,No added sugars,Paleo-friendly,Vegan-friendly,Vegetarian-friendly,Whole30-friendly",Add to Cart; Find in Store,4.8,17,,
Walmart Canada,Frozen,Pizzas,walmart.ca,https://www.walmart.ca/en/ip/dr-oetker-casa-di-mama-pepperoni-pizza/6000197072428,,395 g,Walmart.ca > Grocery > Frozen Food > Frozen Pizza,Dr.Oetker,Dr. Oetker Casa di Mama Pepperoni Pizza,SKU:6000197072429,UPC:5833617306,ID:6000197072428,Walmart Item #:30474125,$4.98,,,,$1.26/100GR,"Casa Di Mama… Homemade pizza taste just like Mama used to make! Dr. Oetker Casa Di Mama Pepperoni Pizza is topped with our tomato pizzeria style sauce, pepperoni and the perfect blend of Edam and mozzarella cheese. Enjoy delicious pizza moments with Dr Oetker!
• Pepperoni, Edam and Mozzarella Cheese
• Cook Time: 14-16 minutes 
• Made in Canada from domestic and imported ingredients

Cooking Instructions: 
1. Ensure oven rack is in the middle position. Preheat oven to 450oF (230oC). Keep pizza frozen until ready to bake.
2. Remove pizza from packaging
3. Loosen the baking parchment and lift off together with the pizza from the cardboard
4. Place the pizza with parchment on a dark or non-shiny pizza pan
5. Bake for 14-16 minutes and until cheese is melted and crust is golden brown. 
NOTE: Individual oven cooking times may vary. CAUTION: Pizza will be very hot",Made in Canada,"[{""Product Type"":""Pepperoni""},{""Storage Type"":""Frozen""},{""Clearout Deal"":""No""},{""Lifestyle\/Dietary Need"":""No egg,No fish,No sesame,No shellfish,No sulfite,No artificials""}]",https://i5.walmartimages.ca/images/Enlarge/759/153/6000199759153.jpg,1,Sold by Walmart,"Crust ENRICHED WHEAT FLOUR, WATER, YEAST, MODIFIED PALM OIL, SALT, SUGAR, BARLEY MALT EXTRACT, MONOCALCIUM PHOSPHATE, BAKING SODA, ACETYLATED TARTARIC ACID ESTERS OF MONO AND DIGLYCERIDES, DICALCIUM PHOSPHATE, GUAR GUM, HYDROGENATED CANOLA OIL, CANOLA OIL, CALCIUM CITRATE, ASCORBIC ACID, PENTOSANASE, AMYLASE Sauce TOMATO PUREE, WATER, SUGAR, OLIVE OIL, SALT, SPICES, MODIFIED CORN STARCH, GARLIC POWDER, SOYA OIL Cheeses EDAM AND MOZZARELLA CHEESE (MILK, BACTERIAL CULTURE, SALT, MICROBIAL ENZYME, CALCIUM CHLORIDE) Toppings PEPPERONI (PORK, SALT, SPICES, DEXTROSE, WATER, ONION POWDER, SPICE EXTRACTS, GARLIC POWDER, ASCORBIC ACID, SODIUM NITRITE, BACTERIAL CULTURE, SODIUM ASCORBATE, SMOKE), HERBS CONTAINS: WHEAT, BARLEY, MILK","No egg,No fish,No sesame,No shellfish,No sulfite,No artificials",Add to Cart; Find in Store,3,3,,
Walmart Canada,Frozen,Pizzas,walmart.ca,https://www.walmart.ca/en/ip/great-value-thin-and-crispy-pepperoni-pizza/6000199207365,,370 g,Walmart.ca > Grocery > Frozen Food > Frozen Pizza,Great Value,Great Value Thin and Crispy Pepperoni Pizza,SKU:6000199207366,UPC:62891582893,ID:6000199207365,Walmart Item #:30747873,$3.27,,,,$327/100GR,"No matter how you slice it, Great Value Thin & Crispy Pepperoni Pizza delivers outstanding flavour and incredible quality in every box. Enjoy every delicious bite of this thin and crispy pizza featuring tomato sauce, mozzarella cheese and pepperoni. Pizza night has never been so easy!","• Mozzarella cheese and pepperoni
• Cook time: 13 minutes
• Made in Canada from domestic and imported ingredients
• Free from artificial flavours and colours","[{""Product Type"":""Pepperoni""},{""Storage Type"":""Frozen""},{""Walmart Exclusive"":""Yes""},{""Clearout Deal"":""No""},{""Lifestyle\/Dietary Need"":""No artificials""}]",https://i5.walmartimages.ca/images/Enlarge/794/955/6000199794955.jpg | https://i5.walmartimages.ca/images/Enlarge/893/1_1/628915828931_1.jpg | https://i5.walmartimages.ca/images/Enlarge/31_/nft/628915828931_NFT.jpg,3,Sold by Walmart,"Crust: enriched wheat flour, water, canola oil, yeast, sugar, salt, guar gum. Toppings: mozzarella cheese (part skim milk, modified milk ingredients, bacterial culture, salt, calcium chloride, microbial enzyme), pepperoni (pork, salt, pork stock, dextrose, spice extractives, lactic acid starter culture, sodium erythorbate, natural smoke flavour, dehydrated garlic, sodium nitrite, citric acid, smoke). Sauce: water, crushed tomatoes, extra virgin olive oil, sugar, salt, garlic powder, vinegar, spice, onion powder.Contains: milk, wheat. May contain: eggs, soy, mustard.",No artificials,Add to Cart; Find in Store,3.5,6,,
Walmart Canada,Frozen,Pizzas,walmart.ca,https://www.walmart.ca/en/ip/dr-oetker-ristorante-pizza-pollo/6000116663496,,355 g,Walmart.ca > Grocery > Frozen Food > Frozen Pizza,Ristorante,Dr. Oetker Ristorante Pizza Pollo,SKU:10260188,UPC:5833617011,ID:6000116663496,Walmart Item #:9151051,$4.98,,,,$1.4/100GR,"Now enjoy flavourful marinated chicken, complemented by spinach, tomatoes and a rich cheese blend for an unforgettable experience.",,"[{""Product Type"":""Meat""},{""Storage Type"":""Frozen""},{""Clearout Deal"":""No""},{""Lifestyle\/Dietary Need"":""No egg,No fish,No mustard,No sesame,No shellfish""}]",https://i5.walmartimages.ca/images/Enlarge/735/818/735818.jpg,1,Sold by Walmart,"Crust ENRICHED WHEAT FLOUR, WATER, SOYA OIL, YEAST, SALT, SUGAR Sauces TOMATO PUREE, WATER, SOUR CREAM (MILK INGREDIENTS, BACTERIAL CULTURE), BASIL, WORCESTERSHIRE SAUCE (MALT VINEGAR, WATER, BLACKSTRAP MOLASSES, GLUCOSE, TAMARIND, VINEGAR, SUGAR, ONIONS, SALT, NATURAL FLAVOUR, GARLIC, SPICES), SUGAR, SOYA OIL, SALT, MODIFIED CORN STARCH, GARLIC POWDER, SPICES, DEXTROSE, HYDROLYZED CORN PROTEIN, CARAMEL COLOUR Toppings MARINATED CHICKEN BREAST, SPINACH, DICED TOMATOES, HERBS Cheeses EDAM AND MOZZARELLA CHEESE (MILK, BACTERIAL CULTURE, SALT, MICROBIAL ENZYME, CALCIUM CHLORIDE) Contains: Wheat, Barley, Milk","No egg,No fish,No mustard,No sesame,No shellfish",Add to Cart; Find in Store,2.3,3,,
Walmart Canada,Frozen,Meatless Alternatives,walmart.ca,https://www.walmart.ca/en/ip/black-river-angus-homestyle-burgers/6000100601398,,"Pack of 12, 1.44 kg","Walmart.ca > Grocery > Frozen Food > Frozen Meat, Seafood & Alternatives > Frozen Beef",Black River Angus,Black River Angus Homestyle Burgers,SKU:10221375,UPC:62891501517,ID:6000100601398,Walmart Item #:30661117,$16.97,,,,$0.01/1GR,"Great homestyle taste from start to finish.
We use only the best ingredients.  We add our special blend of spices, but we leave the finishing touch to you. We've included 3 packages of our special burger glaze for you to brush on as you grill.
Burgers are vacuum packaged and quick frozen to guarantee freshness.","12 homestyle burgers per box
Lean recipe
Uncooked, seasoned
Vacuum packed and frozen to ensure freshness
Burger glaze included","[{""Cut"":""Burgers""},{""Product Type"":""Beef""},{""Storage Type"":""Frozen""},{""Clearout Deal"":""No""},{""Lifestyle\/Dietary Need"":""N\/A""}]",https://i5.walmartimages.ca/images/Enlarge/503/373/6000201503373.jpg | https://i5.walmartimages.ca/images/Enlarge/503/953/6000201503953.jpg,2,Sold by Walmart,"Burger: beef, chicken, water, toasted wheat crumbs, seasoning (dehydrated onion, dehydrated garlic, spices, natural flavour), salt, seasoning (natural flavour, salt, beef fat), paprika, flavour. Burger glaze: sugars (sugar, blackstrap molasses), water, tomato paste, vinegar, modified corn starch, salt, canola and/or soy oil, dehydrated onion, dehydrated garlic, spices, paprika, flavour, smoke flavour, magnesium chloride, potassium chloride, xanthan gum.",N/A,Add to Cart; Find in Store,2.4,76,,6
Walmart Canada,Drinks,Coffee,walmart.ca,https://www.walmart.ca/en/ip/starbucks-true-north-blend-blonde-roast-ground-coffee-340g-bag/6000188764242,,340 GR,Walmart.ca > Household Supplies & Pantry > Drinks > Coffee > Ground Coffee,Starbucks,STARBUCKS® True North Blend® Blonde® Roast Ground Coffee 340g Bag,SKU:6000188764243,UPC:76211189820,ID:6000188764242,Walmart Item #:30305900,$11.67,,,,$3.43/100GR,"Forty years of coffee-roasting expertise inspired our master roasters to perfect Starbucks® Blonde roast – a lighter, gentler take on the Starbucks® Roast. Roasting this blend of specially chosen Latin American beans for a shorter time allows the delicate nuances of soft cocoa and lightly toasted nuts to blossom. Flavorful without being overly bold, this coffee brews a delightfully gracious cup that’s perfect for welcoming friends or greeting a new day. True North Blend™ is wonderful paired with chocolate chip cookies or pecan rolls. Made with the same high-quality 100% arabica beans we use in our cafés and grinded to a universal blend, this coffee is perfect to use in any drip machine, pour over or French press.","• 100% Arabica Coffee
• Mellow & Soft
• Growing Region of Latin America
• Blonde Roast","[{""Flavour"":""Other""},{""Product Type"":""Light Roast""},{""Decaffeinated"":""No""},{""Singleserve"":""No""},{""Storage Type"":""Shelf""},{""Clearout Deal"":""No""},{""Lifestyle\/Dietary Need"":""No egg,No fish,No milk,No mustard,No sesame,No shellfish,No soy,No sulfite,No wheat,No lactose,No artificials,No added sugars,Paleo-friendly,Vegan-friendly,Vegetarian-friendly,Whole30-friendly""}]",https://i5.walmartimages.ca/images/Enlarge/898/203/999999-762111898203.jpg | https://i5.walmartimages.ca/images/Enlarge/850/511/6000197850511.jpg | https://i5.walmartimages.ca/images/Enlarge/850/516/6000197850516.jpg,3,Sold by Walmart,GROUND 100% ARABICA COFFEE,"No egg,No fish,No milk,No mustard,No sesame,No shellfish,No soy,No sulfite,No wheat,No lactose,No artificials,No added sugars,Paleo-friendly,Vegan-friendly,Vegetarian-friendly,Whole30-friendly",Add to Cart; Find in Store,4.4,41,,
Walmart Canada,Frozen,Pizzas,walmart.ca,https://www.walmart.ca/en/ip/great-value-thin-and-crispy-4-cheese-pizza/6000199207183,,363 g,Walmart.ca > Grocery > Frozen Food > Frozen Pizza,Great Value,Great Value Thin and Crispy 4 Cheese Pizza,SKU:6000199207184,UPC:62891582891,ID:6000199207183,Walmart Item #:30747871,$3.27,,,,$327/100GR,"No matter how you slice it, Great Value Thin & Crispy Crust 4 Cheese Pizza delivers outstanding flavour and incredible quality in every box. Enjoy every delicious bite of this thin and crispy pizza featuring tomato sauce, mozzarella, asiago, parmesan and romano cheeses. Pizza night has never been so easy!","• Mozzarella, asiago, parmesan and romano cheeses
• Cook time: 13 minutes
• Made in Canada from domestic and imported ingredients
• Free from artificial flavours and colours","[{""Product Type"":""Cheese""},{""Storage Type"":""Frozen""},{""Walmart Exclusive"":""Yes""},{""Lifestyle\/Dietary Need"":""No artificials""}]",https://i5.walmartimages.ca/images/Enlarge/794/957/6000199794957.jpg | https://i5.walmartimages.ca/images/Enlarge/891/7_1/628915828917_1.jpg | https://i5.walmartimages.ca/images/Enlarge/17_/nft/628915828917_NFT.jpg | https://i5.walmartimages.ca/images/Enlarge/17_/nft/628915828917_NFT.jpg,4,Sold by Walmart,"Crust: enriched wheat flour, water, canola oil, yeast, sugar, salt, guar gum. Toppings: mozzarella cheese (part skim milk, modified milk ingredients, bacterial culture, salt, calcium chloride, microbial enzyme), asiago cheese (milk, salt, bacterial culture, calcium chloride, microbial enzyme, lipase), parmesan cheese (milk, bacterial culture, salt, lipase, calcium chloride, microbial enzyme, powdered cellulose), Romano cheese (milk, bacterial culture, salt, lipase, calcium chloride, microbial enzyme, powdered cellulose). Sauce: water, crushed tomatoes, extra virgin olive oil, sugar, salt, garlic powder, vinegar, spice, onion powder.Contains: milk, wheat. May contain: eggs, soy, mustard.",No artificials,Add to Cart; Find in Store,3.7,3,,
Walmart Canada,Frozen,Pizzas,walmart.ca,https://www.walmart.ca/en/ip/delissio-thin-crispy-crust-pepperoni-pizza-475-g/6000201003844,,475 GR,Walmart.ca > Grocery > Frozen Food > Frozen Pizza,Delissio,DELISSIO® Thin Crispy Crust Pepperoni Pizza 475 g,SKU:6000201003845,UPC:7192100441,ID:6000201003844,Walmart Item #:30229055,$4.97,,,,$497/100GR,"We all know that crispiness is irresistible. So, why not have more of what we love? DELISSIO® Thin Crispy Crust Pepperoni Pizza is crispier than ever – with its thin crust topped by juicy pepperoni and creamy part-skim mozzarella. Each bite is packed with mouth-watering deliciousness and ooey-gooey cheesiness. Each square-shaped pizza is easy to slice and made with only high-quality ingredients, and no artificial flavours. You’re guaranteed to satisfy your perfect pizza craving every time you open the oven door. After all, IT’S NOT DELIVERY. IT’S DELISSIO®!","• Classic pizza topped with pepperoni on top of a thin, extra-crispy crust
• New crispier crust!
• Made with only high-quality ingredients
• Contains no artificial flavours, only pure tastiness
• Cooks great on the BBQ for a delicious summertime meal","[{""Storage Type"":""Frozen""},{""Features"":""\u2022 Classic pizza topped with pepperoni on top of a thin""},{""Features"":"" extra-crispy crust<br>\u2022 New crispier crust!<br>\u2022 Made with only high-quality ingredients<br>\u2022 Contains no artificial flavours""},{""Features"":"" only pure tastiness<br>\u2022 Cooks great on the BBQ for a delicious summertime meal""},{""Product Type"":""Pepperoni""},{""Batteries Included"":""N""},{""Clearout Deal"":""No""},{""Lifestyle\/Dietary Need"":""""}]",https://i5.walmartimages.com/asr/3703f02c-e267-4ab6-936f-15bf5f5fa4b9.bd204f57d2553696b2df257431abcb4e.jpeg?odnHeight=2000&odnWidth=2000&odnBg=ffffff | https://i5.walmartimages.com/asr/42e64185-58cd-4988-8bb5-79cf05bee29f.952df4bbe9eee0cc91758c335c08c10f.jpeg?odnHeight=2000&odnWidth=2000&odnBg=ffffff | https://i5.walmartimages.com/asr/e8d4fb42-cc11-4421-a734-e72345ab67ae.e70a8c7f136c15424e4026fb36f340c2.jpeg?odnHeight=2000&odnWidth=2000&odnBg=ffffff | https://i5.walmartimages.com/asr/48432291-d27c-49bf-bd64-a8039db7e701.03bcf21a58b3e3ab44888efd86818e42.jpeg?odnHeight=2000&odnWidth=2000&odnBg=ffffff | https://i5.walmartimages.com/asr/441c6a96-f117-4350-884f-174796817f4e.60b9bd54b08be1c889c5fe2893b24eba.jpeg?odnHeight=2000&odnWidth=2000&odnBg=ffffff | https://i5.walmartimages.com/asr/c5774c9a-e91e-4bae-83db-23d0344b9f05.cee2978ae158bf8f309197802267e1de.jpeg?odnHeight=2000&odnWidth=2000&odnBg=ffffff,6,Sold by Walmart,Crust (Wheat Flour,,Add to Cart; Find in Store,3.9,73,,
Walmart Canada,Drinks,Soft Drinks/Sodas,walmart.ca,https://www.walmart.ca/en/ip/aw-root-beer-355ml-cans-12-pack/6000134323631,,12 x 355 mL,Walmart.ca > Household Supplies & Pantry > Drinks > Soft Drinks > Other Soft Drinks,A&W,"A&W Root Beer® 355mL Cans, 12 Pack",SKU:10281299,UPC:5953100220,ID:6000134323631,Walmart Item #:30682318,$5.47,,,,$0.13/100ML,"The classic A&W Root Beer recipe was first created in 1919 using a blend of roots, bark and berries.  Today, A&W Root Beer is still a blend of those delicious flavours.  It’s the same creamy, frothy, refreshing beverage you’ve always loved.","Naturally caffeine-free
Convenient pack of 12 to be enjoyed with meals or on the go
Bring home the authentic, delicious, creamy taste of A&W Root Beer
Enjoy it chilled in a frosty glass","[{""Flavour"":""Other""},{""Singleserve"":""No""},{""Storage Type"":""Refrigerate""},{""Clearout Deal"":""No""},{""Lifestyle\/Dietary Need"":""No egg,No fish,No milk,No mustard,No sesame,No shellfish,No soy,No sulfite,No wheat,No lactose,Vegan-friendly,Vegetarian-friendly""}]",https://i5.walmartimages.ca/images/Enlarge/115/631/115631.jpg | https://i5.walmartimages.ca/images/Enlarge/563/1_1/115631_1.jpg | https://i5.walmartimages.ca/images/Enlarge/563/1_2/115631_2.jpg | https://i5.walmartimages.ca/images/Enlarge/162/370/6000200162370.jpg | https://i5.walmartimages.ca/images/Enlarge/192/681/6000200192681.jpg | https://i5.walmartimages.ca/images/Enlarge/05_/nft/59531002205_NFT.jpg | https://i5.walmartimages.ca/images/Enlarge/05_/nft/59531002205_NFT.jpg,7,Sold by Walmart,"CARBONATED WATER, SUGAR/GLUCOSE-FRUCTOSE, CARAMEL, SODIUM BENZOATE, NATURAL AND ARTIFICIAL FLAVOUR.","No egg,No fish,No milk,No mustard,No sesame,No shellfish,No soy,No sulfite,No wheat,No lactose,Vegan-friendly,Vegetarian-friendly",Add to Cart; Find in Store,3.7,3,,
Walmart Canada,Drinks,Soft Drinks/Sodas,walmart.ca,https://www.walmart.ca/en/ip/diet-pepsi-cola-355ml-12-pack/6000076741961,,12x355mL,Walmart.ca > Household Supplies & Pantry > Drinks > Soft Drinks > Diet Cola,Pepsi,"Diet Pepsi Cola, 355mL, 12 Pack",SKU:10185349,UPC:6900001428,ID:6000076741961,Walmart Item #:9238904,$5.47,,,,$0.13/100ML,"Diet Pepsi® soft drink is a bold, refreshing, robust cola, with zero calories. Perfect for parties, meals and celebrations big and small. This 12-pack of 355 mL cans is ideal for sharing with family and friends.","•Crisp, refreshing, great tasting cola with zero calories.
•Perfect for any occasion or celebration.
•12-pack of 355 mL cans is ideal for sharing with family and friends.
•","[{""Flavour"":""Cola""},{""Singleserve"":""No""},{""Storage Type"":""Shelf""},{""Clearout Deal"":""No""},{""Lifestyle\/Dietary Need"":""N\/A""}]",https://i5.walmartimages.ca/images/Enlarge/014/288/999999-69000014288.jpg | https://i5.walmartimages.ca/images/Enlarge/428/8_1/999999-69000014288_1.jpg | https://i5.walmartimages.ca/images/Enlarge/929/569/6000201929569.jpg | https://i5.walmartimages.ca/images/Enlarge/849/645/6000201849645.jpg | https://i5.walmartimages.ca/images/Enlarge/374/638/6000203374638.jpg | https://i5.walmartimages.ca/images/Enlarge/374/638/6000203374638.jpg,6,Sold by Walmart,"CARBONATED WATER, CARAMEL COLOUR, PHOSPHORIC ACID, ASPARTAME (207 mg/591mL), CONTAINS PHENYLALANINE), SODIUM BENZOATE, CAFFEINE, NATURAL FLAVOUR, ACESULFAME POTASSIUM (53 mg/591 mL), CITRIC ACID.",N/A,Add to Cart; Find in Store,4.4,233,,1
Walmart Canada,Drinks,Coffee,walmart.ca,https://www.walmart.ca/en/ip/keurig-krispy-kreme-doughnuts-house-roast-light-medium-roast-recyclable-k-cup-pods/6000196712733,,Box of 30 K-Cup® pods,Walmart.ca > Household Supplies & Pantry > Drinks > Coffee > Coffee Pods,Krispy Kreme,Keurig® Krispy Kreme Doughnuts® House Roast light-medium Roast Recyclable K-Cup® PODS,SKU:6000196712734,UPC:66344722730,ID:6000196712733,Walmart Item #:30696520,$14.97,,,,$0.5/1EA,"An easy to love Latin American blend with flavor and personality, balanced from start to finish that boasts bright fruit notes and a clean, sweet finish. Made with 100% Arabica coffee.",,"[{""Product Type"":""Light Roast""},{""Decaffeinated"":""No""},{""Singleserve"":""No""},{""Franchise"":""Krispy Kreme""},{""Storage Type"":""Shelf""},{""Clearout Deal"":""No""},{""Lifestyle\/Dietary Need"":""No egg,No fish,No milk,No mustard,No sesame,No shellfish,No soy,No sulfite,No wheat,No lactose,No artificials,No added sugars,Paleo-friendly,Vegan-friendly,Vegetarian-friendly,Whole30-friendly""}]",https://i5.walmartimages.ca/images/Enlarge/354/800/6000199354800.jpg | https://i5.walmartimages.ca/images/Enlarge/465/398/6000198465398.jpg | https://i5.walmartimages.ca/images/Enlarge/465/399/6000198465399.jpg | https://i5.walmartimages.ca/images/Enlarge/279/137/6000200279137.jpg | https://i5.walmartimages.ca/images/Enlarge/279/037/6000200279037.jpg,5,Sold by Walmart,ARABICA COFFEE.,"No egg,No fish,No milk,No mustard,No sesame,No shellfish,No soy,No sulfite,No wheat,No lactose,No artificials,No added sugars,Paleo-friendly,Vegan-friendly,Vegetarian-friendly,Whole30-friendly",Add to Cart; Find in Store,4.7,62,,
Walmart Canada,Frozen,Meatless Alternatives,walmart.ca,https://www.walmart.ca/en/ip/high-liner-english-style-fish-fillets-in-batter-500-g/6000191270375,,High Liner English Style Fish Fillets 500g,"Walmart.ca > Grocery > Frozen Food > Frozen Meat, Seafood & Alternatives > Frozen Fish & Seafood",High Liner,High Liner English Style Fish Fillets in Batter 500 G,SKU:6000191270376,UPC:6176306015,ID:6000191270375,Walmart Item #:8303221,$8.47,$5.97,,$Rollback,$0.01/1EA,"High Liner® offers English Style Fillets in Batter with a traditional, flavourful batter. Each hand-cut fillet is prepared in an extra crispy batter that your whole family will love.",,"[{""Cut"":""Fillets""},{""Product Type"":""Seafood""},{""Storage Type"":""Frozen""},{""Clearout Deal"":""No""},{""Lifestyle\/Dietary Need"":""No egg,No sesame,No shellfish,No sulfite,No artificials""}]",https://i5.walmartimages.ca/images/Enlarge/gst/yle/999999-61763060151 EngStyle.jpg | https://i5.walmartimages.ca/images/Enlarge/259/232/6000203259232.jpg | https://i5.walmartimages.ca/images/Enlarge/259/234/6000203259234.jpg | https://i5.walmartimages.ca/images/Enlarge/259/234/6000203259234.jpg,4,Sold by Walmart,"Pollock fillets, Water, Canola oil, Toasted wheat crumbs, Flour (wheat, corn), Modified corn starch, Corn starch, Seasonings (yeast extract, spices, garlic, onion), Salt, Baking powder, Soy protein, Sugar, Sodium phosphate (to retain moisture), Modified milk ingredients, Turmeric. Contains: Pollock (fish), Wheat, Soy, Milk.","No egg,No sesame,No shellfish,No sulfite,No artificials",Add to Cart; Find in Store,2.3,6,,
Walmart Canada,Drinks,Soft Drinks/Sodas,walmart.ca,https://www.walmart.ca/en/ip/sprite-355ml-cans-12-pack/6000096947609,,12 x 355 mL,Walmart.ca > Household Supplies & Pantry > Drinks > Soft Drinks > Other Soft Drinks,Sprite,"Sprite 355mL Cans, 12 Pack",SKU:10215579,UPC:6700010485,ID:6000096947609,Walmart Item #:9210857,$5.47,,,,$0.13/100ML,"Life is an adventure. Who needs a map when the challenge of figuring it all out is half the fun? In those moments when everything becomes clearer, you’ll know you were on the right path all along. Whether you’re thirsty for more, or questioning everything, Sprite is on your side. 

It’s the lemon-lime flavoured soft drink that’s perfectly crisp, and always clear. Sprite is the zero caffeine soda that ignites your senses to keep you on your toes with its cool, satisfying, and refreshing citrus taste. It’s a crisp fizz that doesn’t compromise, and refreshes on its own terms. When it comes to lemon-lime flavoured drinks, choose the one and only Sprite.
   
Sprite never fails to deliver exactly what it promises, every single time. It’s the crisp and delicious, lemon-lime refreshment that always hits like the truth. After 50 years Sprite isn’t a trendsetter; it’s a classic, and always will be. So when you’re ready to drop the filters and get real with your soft drink choice, grab a Sprite.","The OG Sprite, lemon-lime flavoured soda for bold personalities
Made with 100% natural flavours united in the iconic lemon-lime taste
Caffeine-free sparkling beverage
Crisp, cool, mouthwatering citrus taste
355 mL per can","[{""Flavour"":""Citrus""},{""Singleserve"":""No""},{""Storage Type"":""Refrigerate""},{""Clearout Deal"":""No""},{""Lifestyle\/Dietary Need"":""No egg,No fish,No milk,No mustard,No sesame,No shellfish,No soy,No sulfite,No wheat,No lactose,No artificials,Vegan-friendly,Vegetarian-friendly""}]",https://i5.walmartimages.ca/images/Enlarge/155/465/155465.jpg | https://i5.walmartimages.ca/images/Enlarge/114/560/6000200114560.jpg | https://i5.walmartimages.ca/images/Enlarge/546/5_2/155465_2.jpg | https://i5.walmartimages.ca/images/Enlarge/192/652/6000200192652.jpg | https://i5.walmartimages.ca/images/Enlarge/192/620/6000200192620.jpg | https://i5.walmartimages.ca/images/Enlarge/192/607/6000200192607.jpg | https://i5.walmartimages.ca/images/Enlarge/192/715/6000200192715.jpg | https://i5.walmartimages.ca/images/Enlarge/192/740/6000200192740.jpg | https://i5.walmartimages.ca/images/Enlarge/246/004/6000200246004.jpg,9,Sold by Walmart,"WATER, SUGAR/GLUCOSE-FRUCTOSE, CITRIC ACID, SODIUM CITRATE, SODIUM BENZOATE, NATURAL FLAVOUR.","No egg,No fish,No milk,No mustard,No sesame,No shellfish,No soy,No sulfite,No wheat,No lactose,No artificials,Vegan-friendly,Vegetarian-friendly",Add to Cart; Find in Store,5,2,,
Walmart Canada,Drinks,Soft Drinks/Sodas,walmart.ca,https://www.walmart.ca/en/ip/nestea-lemon-341ml-can-12-pack/6000001848433,,12 x 341 mL,Walmart.ca > Household Supplies & Pantry > Drinks > Soft Drinks > Other Soft Drinks,NESTEA,"NESTEA Lemon 341mL Can, 12 pack",SKU:10217686,UPC:8390000115,ID:6000001848433,Walmart Item #:9272129,$5.97,,,,$0.15/100ML,"We've been sourcing real ingredients like our tea leaves since back in 1948 when NESTEA was first brewed. That’s long before “sourcing real ingredients” became as trendy as brunch lineups and reclaimed barn wood. So you might say that NESTEA, Canada's favourite iced tea brand, has been keepin' it real since forever –– with no preservatives. So refresh yourself with the crisp, delicious taste of Nestea iced tea. 

Nestea Lemon Iced Tea is always made with real tea for that refreshing taste you love with a splash of natural lemon flavour to keep things crisp. So when the need for refreshment slides into your DMs, swipe right on the iced tea that’ll satisfy your thirst. Hot summer day optional. 
 
Nestea iced tea won’t solve all of your problems, but our real tea recipe makes choosing refreshment an easy problem to solve. From the 341mL can to the 1.89L bottle, Nestea offers crisp, classic refreshment in just the right size. 

So when you’re searching for summertime refreshment any time of year, think Nestea. Because Nestea has been real since before it was cool to have real ingredients in your stuff. 

Real tea, real refreshment.","Nestea Lemon Iced Tea is keepin’ it real since forever
Made with real tea and naturally flavoured
No preservatives
Canada’s favourite iced tea
341mL Can, 12 pack","[{""Flavour"":""Lemon""},{""Singleserve"":""No""},{""Storage Type"":""Refrigerate""},{""Clearout Deal"":""No""},{""Lifestyle\/Dietary Need"":""No egg,No fish,No milk,No mustard,No sesame,No shellfish,No soy,No sulfite,No wheat,No lactose,No artificials,Vegan-friendly,Vegetarian-friendly""}]",https://i5.walmartimages.ca/images/Enlarge/246/786/246786.jpg | https://i5.walmartimages.ca/images/Enlarge/678/6_1/246786_1.jpg | https://i5.walmartimages.ca/images/Enlarge/678/6_2/246786_2.jpg | https://i5.walmartimages.ca/images/Enlarge/280/423/6000202280423.jpg | https://i5.walmartimages.ca/images/Enlarge/280/330/6000202280330.jpg | https://i5.walmartimages.ca/images/Enlarge/280/340/6000202280340.jpg | https://i5.walmartimages.ca/images/Enlarge/280/383/6000202280383.jpg | https://i5.walmartimages.ca/images/Enlarge/280/456/6000202280456.jpg | https://i5.walmartimages.ca/images/Enlarge/55_/nft/83900001155_NFT.jpg | https://i5.walmartimages.ca/images/Enlarge/55_/nft/83900001155_NFT.jpg,10,Sold by Walmart,"FILTERED WATER, SUGAR/GLUCOSE-FRUCTOSE, CITRIC ACID, CONCENTRATED TEA FROM TEA LEAVES, POTASSIUM CITRATE, NATURAL LEMON FLAVOUR.","No egg,No fish,No milk,No mustard,No sesame,No shellfish,No soy,No sulfite,No wheat,No lactose,No artificials,Vegan-friendly,Vegetarian-friendly",Add to Cart; Find in Store,5,1,,
Walmart Canada,Drinks,Soft Drinks/Sodas,walmart.ca,https://www.walmart.ca/en/ip/pepsi-355ml-cans-24-pack/6000076741909,,24x355mL,Walmart.ca > Household Supplies & Pantry > Drinks > Soft Drinks > Cola,Pepsi,"Pepsi, 355mL Cans, 24 Pack",SKU:10185339,UPC:6900000429,ID:6000076741909,Walmart Item #:30480460,$8.97,,,,$0.11/100ML,"Pepsi® soft drink is a bold, refreshing, robust cola. Perfect for parties, meals and celebrations big and small. This 24-pack of 355 mL cans is ideal for sharing with family and friends.","•Bold, refreshing, great tasting cola.
•Perfect for any occasion or celebration
•24-pack of 355 mL cans is ideal for sharing with family and friends.
•","[{""Flavour"":""Cola""},{""Singleserve"":""No""},{""Storage Type"":""Shelf""},{""Clearout Deal"":""No""},{""Lifestyle\/Dietary Need"":""No egg,No fish,No milk,No mustard,No sesame,No shellfish,No soy,No sulfite,No wheat,No lactose,Vegan-friendly,Vegetarian-friendly""}]",https://i5.walmartimages.ca/images/Enlarge/145/992/6000203145992.jpg | https://i5.walmartimages.ca/images/Enlarge/374/566/6000203374566.jpg | https://i5.walmartimages.ca/images/Enlarge/442/086/6000203442086.jpg | https://i5.walmartimages.ca/images/Enlarge/442/087/6000203442087.jpg | https://i5.walmartimages.ca/images/Enlarge/374/567/6000203374567.jpg | https://i5.walmartimages.ca/images/Enlarge/374/567/6000203374567.jpg,6,Sold by Walmart,"CARBONATED WATER, GLUCOSE-FRUCTOSE AND/OR SUGAR, CARAMEL COLOUR, PHOSPHORIC ACID, CAFFEINE, CITRIC ACID AND FLAVOURS.","No egg,No fish,No milk,No mustard,No sesame,No shellfish,No soy,No sulfite,No wheat,No lactose,Vegan-friendly,Vegetarian-friendly",Add to Cart; Find in Store,4.4,132,,1
Walmart Canada,Frozen,Meatless Alternatives,walmart.ca,https://www.walmart.ca/en/ip/belmont-meats-angus-beef-burgers/6000202978099,,"6 x 142 g, 852 g","Walmart.ca > Grocery > Frozen Food > Frozen Meat, Seafood & Alternatives > Frozen Beef",Belmont Meats,Belmont Meats Angus Beef Burgers,SKU:6000202978100,UPC:6059738300,ID:6000202978099,Walmart Item #:31270202,$9.97,,,,$1.17/100GR,"Angus Beef Burgers by Belmont Meats are the superior quality burgers and the benchmark for flavour, texture and ease. It is a result of an unyielding commitment to quality ingredients, the honed skills of our masterful in-house chefs and the trust that comes from 50 years as a Burger market industry icon.","•Made with the finest and premium meat - Angus Beef
•Juicy & Flavourful
•High in Protein: 20g per 142g burger
•Source of Iron. 
•Homestyle burger shape - thanks to our tender-form™ process, it not only allows for less shrinking on the grill, but also creates a Homestyle burger with a consistency and taste that rivals hand-made patties. 
•The perfectly balanced seasoning blend complements and accentuates the natural savory flavours of the beef without masking any of the natural subtleties of the meat.","[{""Cut"":""Burgers""},{""Product Type"":""Beef""},{""Singleserve"":""No""},{""Storage Type"":""Frozen""},{""Clearout Deal"":""No""},{""Lifestyle\/Dietary Need"":""""}]",https://i5.walmartimages.ca/images/Enlarge/236/389/6000203236389.jpg | https://i5.walmartimages.ca/images/Enlarge/231/281/6000203231281.jpg | https://i5.walmartimages.ca/images/Enlarge/236/384/6000203236384.jpg | https://i5.walmartimages.ca/images/Enlarge/231/284/6000203231284.jpg,4,Sold by Walmart,"Angus beef, Water, Toasted wheat crumbs, Salt, Onion powder, Garlic powder, Spice. Contains: Wheat.",,Add to Cart; Find in Store,4.3,3,,1
Walmart Canada,Frozen,Pizzas,walmart.ca,https://www.walmart.ca/en/ip/great-value-pepperoni-bacon-mini-pizzas/6000196099117,,8 Pizzas,Walmart.ca > Grocery > Frozen Food > Frozen Pizza,Great Value,Great Value Pepperoni & Bacon Mini Pizzas,SKU:6000196099118,UPC:62891523176,ID:6000196099117,Walmart Item #:30128611,$5.47,,,,$0.65/100GR,Cook thoroughly. Ready in 2.5 minutes. Source of calcium.,,"[{""Product Type"":""Pepperoni""},{""Storage Type"":""Other""},{""Walmart Exclusive"":""Yes""},{""Clearout Deal"":""No""},{""Lifestyle\/Dietary Need"":""""}]",https://i5.walmartimages.ca/images/Enlarge/231/762/628915231762.jpg | https://i5.walmartimages.ca/images/Enlarge/176/2_1/628915231762_1.jpg,2,Sold by Walmart,"Crust ( Enriched wheat flour, water, palm and modified palm oil shortening, sugar, canola oil., yeast, salt, whey powder, baking powder, sauce (water, tomato paste, canola oil, sugar, salt, spices, modified corn starch, garlic power). Mozzarella cheese (part skim milk, bacterial culture, salt, calcium chloride, microbial enzyme), pizza topping (water, palm oil, casein, modified corn starch, salt, sodium phosphate, citric acid, sodium citrate, potassium sorbate, lactic acid, colour), pepperoni, bacon, powdered cellulose. Contains: milk, soy, wheat. May contain: mustard.",,Add to Cart; Find in Store,4,2,,
Walmart Canada,Frozen,Pizzas,walmart.ca,https://www.walmart.ca/en/ip/great-value-thin-and-crispy-hawaiian-pizza/6000199206966,,403 g,Walmart.ca > Grocery > Frozen Food > Frozen Pizza,Great Value,Great Value Thin and Crispy Hawaiian Pizza,SKU:6000199206967,UPC:62891582896,ID:6000199206966,Walmart Item #:30747876,$3.27,,,,$327/100GR,"No matter how you slice it, Great Value Thin & Crispy Hawaiian Pizza delivers outstanding flavour and incredible quality in every box. Enjoy every delicious bite of this thin and crispy pizza featuring tomato sauce, mozzarella cheese, pineapple, ham and bacon. Pizza night has never been so easy!","• Made with mozzarella cheese, pineapple, ham and bacon
• Cook time: 13 minutes
• Made in Canada from domestic and imported ingredients
• Free from artificial flavours and colours","[{""Product Type"":""Hawaiian""},{""Storage Type"":""Frozen""},{""Walmart Exclusive"":""Yes""},{""Lifestyle\/Dietary Need"":""""}]",https://i5.walmartimages.ca/images/Enlarge/794/961/6000199794961.jpg | https://i5.walmartimages.ca/images/Enlarge/896/2_1/628915828962_1.jpg | https://i5.walmartimages.ca/images/Enlarge/62_/nft/628915828962_NFT.jpg,3,Sold by Walmart,"Crust: enriched wheat flour, water, canola oil, yeast, sugar, salt, guar gum. Toppings: mozzarella cheese (part skim milk, modified milk ingredients, bacterial culture, salt, calcium chloride, microbial enzyme), pineapples (pineapples, water, sugar, citric acid), ham (pork, water, salt, corn syrup solids, sodium phosphate, spices, sodium erythorbate, sodium nitrite), bacon crumble (pork, salt, sugar, natural hickory smoke flavour, water, sodium phosphate, lemon juice powder [corn syrup, lemon juice solids, flavour], sodium erythorbate, sodium nitrite), dehyrated parsley. Sauce: water, crushed tomatoes, extra virgin olive oil, sugar, salt, garlic powder, vinegar, spice, onion powder.Contains: milk, wheat. May contain: eggs, soy, mustard.",,Add to Cart; Find in Store,3.7,6,,
Walmart Canada,Frozen,Meatless Alternatives,walmart.ca,https://www.walmart.ca/en/ip/great-value-english-style-battered-fish-fillets/6000198481564,,600 g,"Walmart.ca > Grocery > Frozen Food > Frozen Meat, Seafood & Alternatives > Frozen Fish & Seafood",Great Value,Great Value English Style Battered Fish Fillets,SKU:6000198481565,UPC:62891575215,ID:6000198481564,Walmart Item #:31571766,$6.97,,,,$1.16/100GR,"It's easy to enjoy fish and chips at home with the help of Great Value English Style Battered Fish Fillets. Free from artificial flavours or added preservatives, these crispy battered fish fillets go straight from the freezer to the oven for a quick and delicious meal.",• Free from artificial flavours and colours,"[{""Cut"":""Fillets""},{""Product Type"":""Seafood""},{""Storage Type"":""Frozen""},{""Walmart Exclusive"":""Yes""},{""Clearout Deal"":""No""},{""Lifestyle\/Dietary Need"":""""}]",https://i5.walmartimages.ca/images/Enlarge/257/194/6000199257194.jpg | https://i5.walmartimages.ca/images/Enlarge/257/198/6000199257198.jpg,2,Sold by Walmart,"Pollock Fish Fillets, Water, Flour (Enriched Wheat Flour, Corn Flour), Canola Oil, Modified Corn Starch, Corn Starch, Salt, Seasonings (Yeast Extract, Spices, Garlic Powder, Onion Powder), Baking Powder, Soy Protein, Sugar, Sodium Phosphate (To Retain Moisture), Modified Milk Ingredients, Turmeric (For Colour).Contains: Fish (Pollock), Milk, Soy, Wheat.May Contain: Tree Nuts, Sesame, Eggs, Crustaceans, Shellfish, Mustard, Sulphites.",,Add to Cart; Find in Store,3.4,7,,
Walmart Canada,Frozen,Pizzas,walmart.ca,https://www.walmart.ca/en/ip/pillsbury-pizza-pops-three-cheese-pizza-snacks/6000001795285,,"4 pizza snacks, 400 g",Walmart.ca > Grocery > Frozen Food > Frozen Pizza,Pillsbury,Pillsbury Pizza Pops Three Cheese Pizza Snacks,SKU:206947,UPC:6905220469,ID:6000001795285,Walmart Item #:9121084,$2.64,,,,$0.66/100GR,"Need to fill that afternoon hunger gap? Chow down on a warm and delicious Three Cheese Pillsbury Pizza Pop. Filled with three gooey cheeses and wrapped in soft Pillsbury dough, Pizza Pops are the perfect after-school snack.","• The perfect after-school snack for kids!
• Canada’s Best Selling Pizza Snack!
• Try all 7 great flavours to meet all your pizza cravings
• Try our Crispy Crust for a bigger pizza meal!
• Box contains: 4 pizza snacks","[{""Product Type"":""Handhelds & Pockets""},{""Storage Type"":""Frozen""},{""Lifestyle\/Dietary Need"":""No egg,No fish,No sesame,No shellfish,No soy,No sulfite""}]",https://i5.walmartimages.ca/images/Enlarge/204/699/999999-69052204699.jpg | https://i5.walmartimages.ca/images/Enlarge/197/189/6000199197189.jpg | https://i5.walmartimages.ca/images/Enlarge/778/417/6000201778417.jpg | https://i5.walmartimages.ca/images/Enlarge/778/419/6000201778419.jpg | https://i5.walmartimages.ca/images/Enlarge/778/421/6000201778421.jpg | https://i5.walmartimages.ca/images/Enlarge/778/422/6000201778422.jpg | https://i5.walmartimages.ca/images/Enlarge/99_/nft/69052204699_NFT.jpg | https://i5.walmartimages.ca/images/Enlarge/99_/nft/69052204699_NFT.jpg,8,Sold by Walmart,"ENRICHED WHEAT FLOUR, WATER, PIZZA TOPPING (WATER, PALM OIL, MODIFIED POTATO STARCH, RENNET CASEIN, MODIFIED CORN STARCH, SODIUM CITRATE, POTASSIUM CHLORIDE, LACTIC ACID, SODIUM ALUMINUM PHOSPHATE, SALT, SODIUM PHOSPHATE, CARRAGEENAN, NATURAL FLAVOUR [CONTAINS MODIFIED MILK INGREDIENTS], COLOUR), CANOLA OIL, PART SKIM MOZZARELLA CHEESE (MODIFIED MILK INGREDIENTS, BACTERIAL CULTURE, SALT, MICROBIAL ENZYME, CALCIUM CHLORIDE, CELLULOSE POWDER, NATAMYCIN), CONCENTRATED TOMATO PASTE, WHITE CHEDDAR CHEESE (WHOLE MILK, BACTERIAL CULTURE, SALT, CALCIUM CHLORIDE, MICROBIAL ENZYME, CELLULOSE POWDER, NATAMYCIN), PROVOLONE CHEESE (MILK INGREDIENTS, BACTERIAL CULTURE, SALT, CALCIUM CHLORIDE, MICROBIAL ENZYMES, CELLULOSE POWDER, NATAMYCIN), SUGAR, SALT, MODIFIED CORN STARCH, DEXTROSE, SODIUM STEAROYL-2-LACTYLATE, METHYLCELLULOSE, BAKING SODA, SODIUM ALUMINUM PHOSPHATE, SPICES, CITRIC ACID, HIGH MONOUNSATURED CANOLA OIL, MONOCALCIUM PHOSPHATE, MALIC ACID, NATURAL FLAVOUR, GLUTAMIC ACID, AUTOLYZED YEAST EXTRACT, TOMATO POWDER, ONION EXTRACT, STEVIA EXTRACT. CONTAINS WHEAT AND MILK INGREDIENTS.","No egg,No fish,No sesame,No shellfish,No soy,No sulfite",Add to Cart; Find in Store,2.8,5,,1
Walmart Canada,Frozen,Meatless Alternatives,walmart.ca,https://www.walmart.ca/en/ip/great-value-raw-pacific-white-shrimp/6000196383012,,625 g,"Walmart.ca > Grocery > Frozen Food > Frozen Meat, Seafood & Alternatives > Frozen Fish & Seafood",Great Value,Great Value Raw Pacific White Shrimp,SKU:6000196383013,UPC:62891536210,ID:6000196383012,Walmart Item #:30232355,$9.97,,,,$1.6/100GR,"Great Value's Raw Shrimp come raw, frozen and ready to cook with 61-70 shrimp per pound. Perfect for a creating a variety of tasty dishes like shrimp scampi and seafood chowder, Great Value's bag of raw frozen shrimp are a delicious ingredient to have on hand.

The Great Value brand strives to provide Canadian families everyday value that does not compromise on quality. All of our Great Value products come with a 100% satisfaction guarantee, or your money back. With Great Value, you can feel confident that you are making a great choice!",,"[{""Cut"":""Seafood""},{""Product Type"":""Seafood""},{""Storage Type"":""Frozen""},{""Walmart Exclusive"":""Yes""},{""International Foods"":""Chinese""},{""International Foods"":""Japanese""},{""International Foods"":""Filipino""},{""International Foods"":""Korean""},{""International Foods"":""Thai""},{""Clearout Deal"":""No""},{""Lifestyle\/Dietary Need"":""No artificials,No added sugars,Paleo-friendly,Whole30-friendly""}]",https://i5.walmartimages.ca/images/Enlarge/260/627/6000203260627.jpg | https://i5.walmartimages.ca/images/Enlarge/210/7_1/628915362107_1.jpg,2,Sold by Walmart,"Pacific white shrimp, sodium tripolyphosphate, salt. Contains: Shrimp. May Contain: Peanuts, sesame, eggs, shellfish, soy, sulphites.","No artificials,No added sugars,Paleo-friendly,Whole30-friendly",Add to Cart; Find in Store,4.6,8,,2
Walmart Canada,Frozen,Meatless Alternatives,walmart.ca,https://www.walmart.ca/en/ip/pintys-eatwell-chicken-nuggets/6000196383917,,,"Walmart.ca > Grocery > Frozen Food > Frozen Meat, Seafood & Alternatives > Frozen Chicken & Turkey",Pinty's EatWell,Pinty's EatWell Chicken Nuggets,SKU:6000196383918,UPC:6909462591,ID:6000196383917,Walmart Item #:30890398,$11.97,,,,$1.48/100GR,"CHICKEN NUGGETS - FULLY COOKED, SEASONED & BREADED CUTLETTES","Features: Fully cooked portions. Perfectly seasoned and coated. Individually quick frozen. Benefits: Ultimate is convenience, quality and speed. High quality. Use only what you need and keep the balance frozen. GLUTEN FREE","[{""Product Type"":""Chicken Breasts""},{""Cut"":""Nuggets & Bites""},{""Storage Type"":""Frozen""},{""Clearout Deal"":""No""},{""Lifestyle\/Dietary Need"":""Gluten Free""}]",https://i5.walmartimages.ca/images/Enlarge/494/572/6000198494572.jpg,1,Sold by Walmart,"CHICKEN BREAST MEAT, RICE STARCH, WATER, SALT, SPICES, FLAVOUR; IN A COATIING OF; WATER, RICE FLOUR, YELLOW CORN FLOUR, MODIFIED CORN STARCH, SALT, CORN STARCH, SUGAR, TAPIOCA DEXTRIN, GARLIC POWDER, GRANULATED ROASTED GARLIC, ONION POWDER, PEA PROTEIN ISOLATE, SPICES, DEXTROSE, BAKING POWDER, FLAVOUR, BLACKSTRAP MOLASSES, GUAR GUM, MODIFIED CELLULOSE. PARTIALLY FRIED IN VEGETABLE OIL (CANOLA AND/OR SOYBEAN). PLUM SAUCE: WATER, SUGAR, WHITE VINEGAR, CIDER VINEGAR, TOMATO PASTE, MODIFIED CORNSTARCH, APRICOT PUREE, PLUM JUICE, SALT, GARLIC & ONION POWDER, LEMON JUICE, NATURAL FLAVOUR, SPICES, BENZOIC ACID.",Gluten Free,Add to Cart; Find in Store,3.3,3,,
Walmart Canada,Frozen,Pizzas,walmart.ca,https://www.walmart.ca/en/ip/dr-oetker-ristorante-vegetable-pizza/6000001850841,,385 g,Walmart.ca > Grocery > Frozen Food > Frozen Pizza,Ristorante,Dr. Oetker Ristorante Vegetable Pizza,SKU:10260215,UPC:5833617005,ID:6000001850841,Walmart Item #:9129505,$4.98,,,,$1.29/100GR,"Experience passion on your palate with Ristorante! Thin & crispy Italian-style pizza. Dr. Oetker Ristorante Vegetale thin crust pizza is topped with helpings of tangy tomatoes, mouth-watering peppers, onions and pickled chilies over our tomato signature pizzeria style sauce. Enjoy delicious pizza moments with Dr Oetker! 
• Tomatoes, Peppers, Onions, Pickled Chillies, Mozzarella and Edam 
• Cook Time: 13-14 minutes 
• Made in Canada from domestic and imported ingredients

Cooking Instructions:
1. Preheat oven to 425 °F (220 °C).
2. Remove pizza from all packaging.
3. Place frozen pizza directly on the middle oven rack. Bake 13-14 min and until cheese is melted and crust is golden brown.
CAUTION: Pizza will be very hot","Vegetarian
Made in Canada","[{""Product Type"":""Vegetarian""},{""Storage Type"":""Frozen""},{""Clearout Deal"":""No""},{""Lifestyle\/Dietary Need"":""No egg,No fish,No sesame,No shellfish,Vegetarian-friendly""}]",https://i5.walmartimages.ca/images/Enlarge/108/882/108882.jpg,1,Sold by Walmart,"Crust  ENRICHED WHEAT FLOUR, WATER,SOYA  OIL, YEAST, SALT, SUGAR  Toppings  CHERRY TOMATOES, GREEN, RED AND YELLOW BELL PEPPERS, PICKLED CHILI PEPPERS (CHILI PEPPERS, WATER, VINEGAR, SALT, CITRIC ACID, ASCORBIC ACID, CALCIUM CHLORIDE), RED ONIONS, HERBS  Sauces TOMATO PUREE, WATER, SOUR CREAM (MILK IMGREDIENTS, BACTERIAL CULTURE), OLIVES, SUGAR, SOYA OIL, SALT, MODIFIED CORN STARCH, SPICES, GARLIC POWDER, CHILI PEPPERS, TOMATO PASTE, HYDROLYZED CORN PROTEIN, DEXTROSE, LEMON JUICE, CARAMEL COLOUR, CANOLA OIL, CHILI EXTRACT, CITRIC ACID, LACTIC ACID Cheeses  EDAM AND MOZZARELLA CHEESE (MILK, BACTERIAL CULTURE, SALT, MICROBIAL ENZYME, CALCIUM CHLORIDE) Contains: Wheat, Milk","No egg,No fish,No sesame,No shellfish,Vegetarian-friendly",Add to Cart; Find in Store,5,2,,
Walmart Canada,Drinks,Coffee,walmart.ca,https://www.walmart.ca/en/ip/coffee-mate-light-powder-450-g/6000145594232,,450 GR,Walmart.ca > Household Supplies & Pantry > Drinks > Coffee > Coffee Whiteners,Coffee-Mate,COFFEE-MATE® Light Powder 450 g,SKU:10298140,UPC:5000019845,ID:6000145594232,Walmart Item #:9277691,$4.97,,,,$1.1/100GR,"Looking for a little lighter creamer for your coffee or tea? COFFEE-MATE® Light Powder (450 g) is your cup’s perfect lower-fat match! There’s nothing quite like a deliciously creamy tasting cup of coffee or tea with COFFEE-MATE®. With 40% less fat than the Original per 2 g serving, it’s an easy way to enhance your coffee or tea any time of day. Plus, COFFEE-MATE® is lactose free. Fall in love with COFFEE-MATE®’s smooth & rich taste! Whether starting your day or taking a moment to recharge, the rich, creamy taste of COFFEE-MATE® Light is the perfect way to wake up your cup.","• Classic rich and creamy flavour COFFEE-MATE® Light creates the perfect cup of velvety goodness
• Around one teaspoon will transform your coffee and tea every time – morning, noon or night
• COFFEE-MATE® has been keeping your tea and coffee rich and creamy tasting since 1961
• 40% less fat than Original per 2 g serving, lactose free COFFEE-MATE® Light pairs perfectly with a cup of NESCAFE® instant coffee
• Easily recyclable, simply dispose of label then recycle container and cap","[{""Flavour"":""Unflavoured""},{""Product Type"":""Coffee Creamer""},{""Light"":""Yes""},{""Singleserve"":""No""},{""Storage Type"":""Shelf""},{""Clearout Deal"":""No""},{""Lifestyle\/Dietary Need"":""No egg,No fish,No mustard,No sesame,No shellfish,No sulfite,No wheat,Vegetarian-friendly""}]",https://i5.walmartimages.ca/images/Enlarge/_81/670/81670.jpg | https://i5.walmartimages.ca/images/Enlarge/567/046/6000199567046.jpg | https://i5.walmartimages.ca/images/Enlarge/567/057/6000199567057.jpg | https://i5.walmartimages.ca/images/Enlarge/567/051/6000199567051.jpg | https://i5.walmartimages.ca/images/Enlarge/567/059/6000199567059.jpg | https://i5.walmartimages.ca/images/Enlarge/927/645/6000203927645.jpg | https://i5.walmartimages.ca/images/Enlarge/927/646/6000203927646.jpg | https://i5.walmartimages.ca/images/Enlarge/927/647/6000203927647.jpg | https://i5.walmartimages.ca/images/Enlarge/50_/nft/50000198450_NFT.jpg | https://i5.walmartimages.ca/images/Enlarge/50_/nft/50000198450_NFT.jpg,10,Sold by Walmart,"GLUCOSE SYRUP, HYDROGENATED VEGETABLE OIL (MAY CONTAIN\nCOCONUT, PALM KERNEL AND/OR SOYBEAN OIL), SODIUM CASEINATE (A MILK DERIVATIVE), DIPOTASSIUM PHOSPHATE, COLOUR, MONOGLYCERIDES, SODIUM\nALUMINUM SILICATE, SUGAR, ACETYLATED TARTARIC ACID ESTERS OF MONO- AND\nDIGLYCERIDES, ARTIFICIAL FLAVOUR.","No egg,No fish,No mustard,No sesame,No shellfish,No sulfite,No wheat,Vegetarian-friendly",Add to Cart; Find in Store,4.5,27,,
Walmart Canada,Frozen,Pizzas,walmart.ca,https://www.walmart.ca/en/ip/dr-oetker-giuseppe-pizzeria-rising-crust-pepperoni-pizza/6000198536762,,720 g,Walmart.ca > Grocery > Frozen Food > Frozen Pizza,Dr.Oetker,Dr. Oetker Giuseppe Pizzeria Rising Crust Pepperoni Pizza,SKU:6000198536763,UPC:5833625031,ID:6000198536762,Walmart Item #:30539449,$5.97,,,,$597/100GR,"Dr. Oetker Giuseppe Pizzeria Rising Crust Pepperoni is made with real pizzeria inspired tomato sauce and mozzarella and finished with mouthwatering pepperoni.
• Made with mozzarella cheese
• Topped with pepperoni
• Cook Time: 18-20 minutes 
• Made in Canada from domestic and imported ingredients",Made in Canada,"[{""Product Type"":""Pepperoni""},{""Storage Type"":""Frozen""},{""Clearout Deal"":""No""},{""Lifestyle\/Dietary Need"":""No egg,No fish,No sesame,No shellfish,No sulfite,No artificials""}]",https://i5.walmartimages.ca/images/Enlarge/063/401/6000200063401.jpg,1,Sold by Walmart,"CRUST: ENRICHED WHEAT FLOUR, WATER, YEAST,  MODIFIED PALM OIL, WHEAT GLUTEN, SUGAR, SALT, MONOCALCIUM PHOSPHATE, BARLEY MALT EXTRACT, BAKING SODA, ACETYLATED TARTARIC ACID ESTERS OF MONO AND DIGLYCERIDES, DICALCIUM PHOSPHATE, GUAR GUM, HYDROGENATED CANOLA OIL, CANOLA OIL, CALCIUM CITRATE, ASCORBIC ACID, PENTOSANASE, AMYLASE CHEESE: MOZZARELLA CHEESE (MILK, BACTERIAL CULTURE, SALT, MICROBIAL ENZYME, CALCIUM CHLORIDE) SAUCE: TOMATO PUREE, WATER, SUGAR, SOYA OIL, CORN STARCH, SALT, SPICES, GARLIC POWDER, ONION POWDER, HERBS TOPPING: PEPPERONI (PORK, SALT, SPICES, DEXTROSE, WATER, ONION POWDER, SPICE EXTRACTS, GARLIC POWDER, ASCORBIC ACID, SODIUM NITRITE, BACTERIAL CULTURE, SODIUM ASCORBATE, SMOKE) CONTAINS: WHEAT, BARLEY, MILK","No egg,No fish,No sesame,No shellfish,No sulfite,No artificials",Add to Cart; Find in Store,2,1,,
Walmart Canada,Frozen,Meatless Alternatives,walmart.ca,https://www.walmart.ca/en/ip/great-value-pork-sausage-breakfast-patties/6000201392522,,910 g,"Walmart.ca > Grocery > Frozen Food > Frozen Meat, Seafood & Alternatives > Frozen Pork",Great Value,Great Value Pork Sausage Breakfast Patties,SKU:6000201392523,UPC:62773501420,ID:6000201392522,Walmart Item #:30701543,$9,,,,,"Breakfast lovers, look no further! Great Value Pork Sausages are made with quality pork, seasoned and fully cooked for your convenience. Pan fry or microwave, these patties come in a convenient&nbsp;resealable bag and are ready for your all your breakfast&nbsp;recipes. Add to a fresh biscuit with cheddar for tasty breakfast sandwich, or serve with free-run eggs and crispy home fries for a comforting Sunday afternoon brunch.","- Fully Cooked
- Made in Canada","[{""Product Type"":""Other""},{""Singleserve"":""No""},{""Storage Type"":""Frozen""},{""Walmart Exclusive"":""Yes""},{""Clearout Deal"":""No""},{""Lifestyle\/Dietary Need"":""""}]",https://i5.walmartimages.ca/images/Enlarge/224/257/6000202224257.jpg | https://i5.walmartimages.ca/images/Enlarge/224/258/6000202224258.jpg | https://i5.walmartimages.ca/images/Enlarge/224/258/6000202224258.jpg,3,Sold by Walmart,"Pork, water, toasted wheat crumbs, sea salt, cane sugar, spices, onion powder, garlic powder, flavour. Contains: Wheat, gluten.",,Add to Cart; Find in Store,2.3,6,,1
Walmart Canada,Frozen,Pizzas,walmart.ca,https://www.walmart.ca/en/ip/pillsbury-pizza-pops-pepperoni-bacon-pizza-snacks/6000001795284,,"4 pizza snacks, 400 g",Walmart.ca > Grocery > Frozen Food > Frozen Pizza,Pillsbury,Pillsbury Pizza Pops Pepperoni + Bacon Pizza Snacks,SKU:206945,UPC:6905220419,ID:6000001795284,Walmart Item #:9121077,$2.64,,,,$0.66/100GR,Golden Pillsbury Pizza Pops loaded with awesome stuff! Packed with pizza goodness for a serious way to satisfy everyone’s pizza craving! Perfect for a quick microwaveable office snack or baked in the oven for a crispy cafeteria treat!,"• The perfect after-school snack for kids!
• Canada’s Best Selling Pizza Snack!
• Try all 7 great flavours to meet all your pizza cravings
• Try our Crispy Crust for a bigger pizza meal!
• Box contains: 4 pizza snacks","[{""Product Type"":""Handhelds & Pockets""},{""Storage Type"":""Refrigerate""},{""Lifestyle\/Dietary Need"":""No egg,No fish,No sesame,No shellfish,No soy,No sulfite""}]",https://i5.walmartimages.ca/images/Enlarge/204/194/999999-69052204194.jpg | https://i5.walmartimages.ca/images/Enlarge/406/788/6000198406788.jpg | https://i5.walmartimages.ca/images/Enlarge/778/108/6000201778108.jpg | https://i5.walmartimages.ca/images/Enlarge/778/110/6000201778110.jpg | https://i5.walmartimages.ca/images/Enlarge/778/129/6000201778129.jpg | https://i5.walmartimages.ca/images/Enlarge/778/130/6000201778130.jpg | https://i5.walmartimages.ca/images/Enlarge/94_/nft/69052204194_NFT.jpg | https://i5.walmartimages.ca/images/Enlarge/94_/nft/69052204194_NFT.jpg,8,Sold by Walmart,"ENRICHED WHEAT FLOUR, WATER, PIZZA TOPPING (WATER, PALM OIL, MODIFIED POTATO STARCH, RENNET CASEIN, MODIFIED CORN STARCH, SODIUM CITRATE, POTASSIUM CHLORIDE, LACTIC ACID, SODIUM ALUMINUM PHOSPHATE, SALT, SODIUM PHOSPHATE, CARRAGEENAN, NATURAL FLAVOUR [CONTAINS MODIFIED MILK INGREDIENTS], COLOUR), COOKED PEPPERONI, CANOLA OIL, CONCENTRATED TOMATO PASTE, SUGAR, COOKED BACON, SALT, MIDIFIED CORN STARCH, DEXTROSE, SODIUM STEAROYL-2-LACTYLATE, METHYCELLULOSE, BAKING SODA, SODIUM ALUMINUM PHOSPHATE, SPICES, CITRIC ACID, HIGH MONOUNSATURATED CANOLA OIL, MONOCALCIUM PHOSPHATE, MALIC ACID, NATURAL FLAVOUR, GARLIC EXTRACT, GLUTAMIC ACID, AUTOLYZED YEAST EXTRACT, TOMATO POWDER, ONION EXTRACT, STEVIA EXTRACT. CONTAINS WHEAT AND MILK INGREDIENTS.","No egg,No fish,No sesame,No shellfish,No soy,No sulfite",Add to Cart; Find in Store,3.4,5,,
Walmart Canada,Frozen,Pizzas,walmart.ca,https://www.walmart.ca/en/ip/delissio-rising-crust-pizza-hawaiian/6000195508993,,875 GR,Walmart.ca > Grocery > Frozen Food > Frozen Pizza,Delissio,DELISSIO Rising Crust Pizza Hawaiian,SKU:6000195508994,UPC:7192133739,ID:6000195508993,Walmart Item #:30875836,$5.44,,,,$0.62/100GR,"There’s nothing quite like a classic rising crust pizza topped with your favourite ingredients. DELISSIO® Rising Crust Pizza Hawaiian (875 g) tops a high-rising, thick crust with sweet pineapple, smoky ham, and bacon bits – an ultimate blend of sweet and salty! Whether treating yourself or pleasing a crowd, the soft and fluffy crust with a crispy outside makes every night an irresistible pizza night. Made with high quality ingredients, it’s no wonder DELISSIO® is the Most Trusted Frozen Pizza Brand in Canada*. It’s easy to cook up a delish pizza that tastes just like delivery. It’s not delivery, It’s DELISSIO!® *BrandSpark International inc. 2017/2018","• A classic, thick crust with a fluffy inside, topped with sweet pineapple, smoky ham, and bacon bits
• Made with only quality ingredients, DELISSIO® is the Most Trusted Frozen Pizza Brand in Canada*
• Quick and easy way to turn any night into a mouth-watering pizza night – perfect for a night in, pleasing the crowd, or a tasty appetizer
• Add your favourite ingredients for your own pizza personalization
• The only door you need to open is your oven. It’s not delivery, it’s DELISSIO!®","[{""Features"":""\u2022 A classic""},{""Features"":"" thick crust with a fluffy inside""},{""Features"":"" topped with sweet pineapple""},{""Features"":"" smoky ham""},{""Singleserve"":""No""},{""Storage Type"":""Frozen""},{""Product Type"":""Hawaiian""},{""Batteries Included"":""N""},{""Clearout Deal"":""No""},{""Lifestyle\/Dietary Need"":""No egg,No fish,No mustard,No sesame,No shellfish,No sulfite,No artificials""}]",https://i5.walmartimages.com/asr/584a1332-c145-4169-bab1-0f825c2752ac.324ae405ce7339d915d113ecfa0c55b2.jpeg?odnHeight=2000&odnWidth=2000&odnBg=ffffff | https://i5.walmartimages.com/asr/6a652c6b-a992-44f1-b5d2-fc72af57e211.65012dc2583e6fd99bcca6ffa98b8b68.jpeg?odnHeight=2000&odnWidth=2000&odnBg=ffffff | https://i5.walmartimages.com/asr/3642b7e5-ac06-431e-8221-10efdace1956.0cc27017a17c6f9426a5c741c940382e.jpeg?odnHeight=2000&odnWidth=2000&odnBg=ffffff | https://i5.walmartimages.com/asr/d8115b0f-dfc6-406b-b00a-b97f12af5776.098da18664e8fb0896e7740ccf9641c2.jpeg?odnHeight=2000&odnWidth=2000&odnBg=ffffff | https://i5.walmartimages.com/asr/f5df2397-c603-44a8-9b17-443c7aad8f29.ab750e97360809327286b7f9b20c24a7.jpeg?odnHeight=2000&odnWidth=2000&odnBg=ffffff | https://i5.walmartimages.com/asr/43858cb3-666d-4148-9908-157d7169307b.494ad008aafef776b4c7f1162b990c31.jpeg?odnHeight=2000&odnWidth=2000&odnBg=ffffff,6,Sold by Walmart,"Crust (wheat flour, water, sugar, corn meal, wheat gluten, soya oil, yeast, salt, modified palm oil, DATEM, baking soda, mineral oil, sunflower lecithin, ascorbic acid, glucoamylase, glucose oxidase, xylanase), Part-skim mozzarella cheese (partly skimmed milk, bacterial culture, salt, microbial enzyme), Sauce (water, tomato paste, soya oil, salt, garlic, spices and herbs), Pineapple, Ham, Bacon, Salt.","No egg,No fish,No mustard,No sesame,No shellfish,No sulfite,No artificials",Add to Cart; Find in Store,4.2,76,,
Walmart Canada,Frozen,Meatless Alternatives,walmart.ca,https://www.walmart.ca/en/ip/great-value-wild-caught-pink-salmon-portions/6000200487352,,680 g,"Walmart.ca > Grocery > Frozen Food > Frozen Meat, Seafood & Alternatives > Frozen Fish & Seafood",Great Value,Great Value Wild Caught Pink Salmon Portions,SKU:6000200487353,UPC:62891741287,ID:6000200487352,Walmart Item #:30624239,$9.97,,,,,Great Value Wild Caught Pink Salmon Portions,"• Skinless
• Sustainably sourced
• Individually vacuum sealed
• Keep frozen
• Uncooked
• Certified sustainable seafood","[{""Cut"":""Fillets""},{""Product Type"":""Seafood""},{""Storage Type"":""Frozen""},{""Walmart Exclusive"":""Yes""},{""Lifestyle\/Dietary Need"":""No artificials,No added sugars,Paleo-friendly,Whole30-friendly""}]",https://i5.walmartimages.ca/images/Enlarge/934/458/6000200934458.jpg,1,Sold by Walmart,Other,"No artificials,No added sugars,Paleo-friendly,Whole30-friendly",Add to Cart; Find in Store,3.5,8,,1
Walmart Canada,Frozen,Meatless Alternatives,walmart.ca,https://www.walmart.ca/en/ip/great-value-boneless-skinless-chicken-breasts/6000199549410,,1.65 kg,"Walmart.ca > Grocery > Frozen Food > Frozen Meat, Seafood & Alternatives > Frozen Chicken & Turkey",Great Value,Great Value Boneless Skinless Chicken Breasts,SKU:6000199549411,UPC:62891741220,ID:6000199549410,Walmart Item #:30563671,$19.97,,,,$12.1/1KG,"Great Value boneless, skinless chicken breasts are lightly seasoned and ready for your enjoyment! Enjoy this item for lunch or dinner, they're great on the grill or in the oven! Serve with your favourite vegetables and dig in!","• Lean
• Boneless, skinless
• 19% meat protein, seasoned, uncooked
• High in protein
• Made in Canada
• Keep frozen","[{""Product Type"":""Chicken Breasts""},{""Cut"":""Other""},{""Storage Type"":""Frozen""},{""Walmart Exclusive"":""Yes""},{""Clearout Deal"":""No""},{""Lifestyle\/Dietary Need"":""No added sugars""}]",https://i5.walmartimages.ca/images/Enlarge/412/206/628917412206.jpg | https://i5.walmartimages.ca/images/Enlarge/06_/nft/628917412206_NFT.jpg | https://i5.walmartimages.ca/images/Enlarge/06_/nft/628917412206_NFT.jpg,3,Sold by Walmart,"Chicken breast, water, modified potato starch, modified corn starch, salt, flavour, potassium phosphate, sodium phosphate. May contain: sesame, milk, eggs, soy, wheat, mustard.",No added sugars,Add to Cart; Find in Store,2.5,10,,
Walmart Canada,Drinks,Coffee,walmart.ca,https://www.walmart.ca/en/ip/nescaf-gold-vanilla-latte-flavoured-coffee-mix-8-x-18-g/6000145830361,,8 x 18 G,Walmart.ca > Household Supplies & Pantry > Drinks > Coffee > Instant Coffee,NESCAFÉ,NESCAFÉ GOLD™ Vanilla Latte Flavoured Coffee Mix 8 x 18 g,SKU:10298392,UPC:5500069730,ID:6000145830361,Walmart Item #:30143732,$5.47,,,,$3.7/100GR,"Discover indulgent moments brewed with the perfect balance of select, high-quality ingredients. NESCAFE GOLD™ Vanilla Latte Flavoured Coffee Mix (8 x 18 g) easily crafts an indulgent vanilla-infused coffee with mouthwatering foam – with no barista required. A great way to serve up and share a creamy delight or a delectable vanilla treat.","• 8 sachets for sharing a perfectly foamy and creamy vanilla delight.
• Each sachet whips up a vanilla-infused coffee with mouthwatering foam.
• 80 calories per serving.
• Pre-dosed, so there’s no other ingredients required.
• Made with high-quality ingredients to exceed your expectations for instant coffee.","[{""Flavour"":""French vanilla""},{""Product Type"":""Flavoured""},{""Decaffeinated"":""No""},{""Singleserve"":""No""},{""Storage Type"":""Shelf""},{""Clearout Deal"":""No""},{""Lifestyle\/Dietary Need"":""No egg,No fish,No mustard,No sesame,No shellfish,No soy,No sulfite,No wheat,Vegetarian-friendly""}]",https://i5.walmartimages.ca/images/Enlarge/697/309/999999-55000697309.jpg | https://i5.walmartimages.ca/images/Enlarge/730/9_1/999999-55000697309_1.jpg | https://i5.walmartimages.ca/images/Enlarge/730/9_2/999999-55000697309_2.jpg | https://i5.walmartimages.ca/images/Enlarge/730/9_3/999999-55000697309_3.jpg | https://i5.walmartimages.ca/images/Enlarge/730/9_4/999999-55000697309_4.jpg | https://i5.walmartimages.ca/images/Enlarge/730/9_7/999999-55000697309_7.jpg | https://i5.walmartimages.ca/images/Enlarge/730/9_8/999999-55000697309_8.jpg | https://i5.walmartimages.ca/images/Enlarge/730/9_5/999999-55000697309_5.jpg | https://i5.walmartimages.ca/images/Enlarge/09_/nft/55000697309_NFT.jpg | https://i5.walmartimages.ca/images/Enlarge/09_/nft/55000697309_NFT.jpg,10,Sold by Walmart,"SUGAR, GLUCOSE SYRUP, INSTANT COFFEE, SKIM MILK POWDER, COCONUT OIL, LACTOSE, SALT, MILK FAT, FLAVOUR, DIPOTASSIUM PHOSPHATE, SODIUM POLYPHOSPHATE, SODIUM CITRATE.","No egg,No fish,No mustard,No sesame,No shellfish,No soy,No sulfite,No wheat,Vegetarian-friendly",Add to Cart; Find in Store,4.4,20,,
Walmart Canada,Frozen,Meatless Alternatives,walmart.ca,https://www.walmart.ca/en/ip/great-value-wild-caught-haddock-portions/6000200196986,,700 g,"Walmart.ca > Grocery > Frozen Food > Frozen Meat, Seafood & Alternatives > Frozen Fish & Seafood",Great Value,Great Value Wild Caught Haddock Portions,SKU:6000200196987,UPC:62891741292,ID:6000200196986,Walmart Item #:31030534,$9.97,,,,$1.42/100GR,"Make eating more fish easy with Great Value Wild Caught Haddock Portions. These skinless, frozen portions are sustainably sourced, individually vacuum sealed for convenience and ready in minutes in the oven or on the stove.","• Skinless
• Sustainably sourced
• Individually vacuum sealed
• Keep frozen
• Uncooked
• Certified sustainable seafood","[{""Cut"":""Fillets""},{""Product Type"":""Seafood""},{""Storage Type"":""Frozen""},{""Walmart Exclusive"":""Yes""},{""Clearout Deal"":""No""},{""Lifestyle\/Dietary Need"":""No artificials,No added sugars,Paleo-friendly,Whole30-friendly""}]",https://i5.walmartimages.ca/images/Enlarge/934/459/6000200934459.jpg | https://i5.walmartimages.ca/images/Enlarge/934/460/6000200934460.jpg | https://i5.walmartimages.ca/images/Enlarge/934/460/6000200934460.jpg,3,Sold by Walmart,"Haddock, water, sodium tripolyphosphate. Contains : fish (haddock).","No artificials,No added sugars,Paleo-friendly,Whole30-friendly",Add to Cart; Find in Store,3.3,3,,1
Walmart Canada,Frozen,Meatless Alternatives,walmart.ca,https://www.walmart.ca/en/ip/high-liner-tempura-batter-fish-fillets/6000191270416,,700 g,"Walmart.ca > Grocery > Frozen Food > Frozen Meat, Seafood & Alternatives > Frozen Fish & Seafood",High Liner,High Liner Tempura Batter Fish Fillets,SKU:6000191270417,UPC:6176304134,ID:6000191270416,Walmart Item #:8303319,$8.47,$5.97,,$Rollback,$0.85/100GR,"Each package of Fish in Tempura batter includes 12 deliciously crispy fish portions. It’s a favourite of families everywhere for a tasty, satisfying meal.",,"[{""Cut"":""Fillets""},{""Product Type"":""Seafood""},{""Storage Type"":""Frozen""},{""Clearout Deal"":""No""},{""Lifestyle\/Dietary Need"":""No egg,No sesame,No shellfish,No sulfite,No artificials""}]",https://i5.walmartimages.ca/images/Enlarge/a_f/ish/999999-61763041341 Tempura_Fish.jpg | https://i5.walmartimages.ca/images/Enlarge/259/228/6000203259228.jpg | https://i5.walmartimages.ca/images/Enlarge/259/231/6000203259231.jpg | https://i5.walmartimages.ca/images/Enlarge/259/231/6000203259231.jpg,4,Sold by Walmart,"Ingredients: Minced fish fillets (pollock or haddock), canola oil, water, flour (wheat, corn), toasted wheat crumbs, modified corn starch, wheat starch, modified milk ingredients, sugar, soy protein, baking powder, seasonings (spices, onion, garlic), salt, sodium phosphate (to retain moisture). Contains: Pollock or haddock (fish), wheat, milk, soy.","No egg,No sesame,No shellfish,No sulfite,No artificials",Add to Cart; Find in Store,2.5,8,,
Walmart Canada,Drinks,Soft Drinks/Sodas,walmart.ca,https://www.walmart.ca/en/ip/diet-aw-root-beer-355ml-cans-12-pack/6000135892758,,12 x 355 mL,Walmart.ca > Household Supplies & Pantry > Drinks > Soft Drinks > Diet Soft Drinks,A&W,"Diet A&W Root Beer® 355mL Cans, 12 Pack",SKU:10284902,UPC:5953100320,ID:6000135892758,Walmart Item #:9210584,$5.47,,,,$0.13/100ML,"The classic A&W Root Beer recipe was first created in 1919 using a blend of roots, bark and berries.  Today, A&W Root Beer is still a blend of those delicious flavours.  It’s the same creamy, frothy, refreshing beverage you’ve always loved.","Naturally caffeine-free
Convenient pack of 12 to be enjoyed with meals or on the go
Zero calories and zero sugar
Bring home the authentic, delicious, creamy taste of A&W Root Beer","[{""Flavour"":""Other""},{""Singleserve"":""No""},{""Storage Type"":""Refrigerate""},{""Clearout Deal"":""No""},{""Lifestyle\/Dietary Need"":""No egg,No fish,No milk,No mustard,No sesame,No shellfish,No soy,No sulfite,No wheat,No lactose,No added sugars,Vegan-friendly,Vegetarian-friendly""}]",https://i5.walmartimages.ca/images/Enlarge/115/634/115634.jpg | https://i5.walmartimages.ca/images/Enlarge/563/4_1/115634_1.jpg | https://i5.walmartimages.ca/images/Enlarge/563/4_2/115634_2.jpg | https://i5.walmartimages.ca/images/Enlarge/192/633/6000200192633.jpg | https://i5.walmartimages.ca/images/Enlarge/192/675/6000200192675.jpg | https://i5.walmartimages.ca/images/Enlarge/192/738/6000200192738.jpg | https://i5.walmartimages.ca/images/Enlarge/192/754/6000200192754.jpg | https://i5.walmartimages.ca/images/Enlarge/02_/nft/59531003202_NFT.jpg | https://i5.walmartimages.ca/images/Enlarge/02_/nft/59531003202_NFT.jpg,9,Sold by Walmart,"CARBONATED WATER, CARAMEL, SODIUM BENZOATE, ASPARTAME  (CONTAINS PHENYLALANINE; 171 mg PER 355 mL), NATURAL AND ARTIFICIAL  FLAVOUR, SODIUM CITRATE, MALIC ACID.","No egg,No fish,No milk,No mustard,No sesame,No shellfish,No soy,No sulfite,No wheat,No lactose,No added sugars,Vegan-friendly,Vegetarian-friendly",Add to Cart; Find in Store,5,2,,
Walmart Canada,Drinks,Coffee,walmart.ca,https://www.walmart.ca/en/ip/our-finest-100-colombian-medium-roast-ground-coffee/6000199968702,,907 g,Walmart.ca > Household Supplies & Pantry > Drinks > Coffee > Ground Coffee,Our Finest,Our Finest 100% Colombian Medium Roast Ground Coffee,SKU:6000199968703,UPC:62891582916,ID:6000199968702,Walmart Item #:31691818,$9.94,,,,$1.1/100GR,Our Finest 100% Colombian Medium Roast Ground Coffee,"• Medium roast coffee
• 100% Arabica coffee","[{""Product Type"":""Ground""},{""Decaffeinated"":""No""},{""Singleserve"":""No""},{""Storage Type"":""Shelf""},{""Walmart Exclusive"":""Yes""},{""Clearout Deal"":""No""},{""Lifestyle\/Dietary Need"":""No artificials,Kosher,No added sugars,Paleo-friendly,Vegan-friendly,Vegetarian-friendly,Whole30-friendly""}]",https://i5.walmartimages.ca/images/Enlarge/829/167/628915829167.jpg,1,Sold by Walmart,Not Applicable,"No artificials,Kosher,No added sugars,Paleo-friendly,Vegan-friendly,Vegetarian-friendly,Whole30-friendly",Add to Cart; Find in Store,5,1,,
Walmart Canada,Drinks,Soft Drinks/Sodas,walmart.ca,https://www.walmart.ca/en/ip/sprite-zero-sugar-355ml-cans-12-pack/6000188743455,,12 x 355 mL,Walmart.ca > Household Supplies & Pantry > Drinks > Soft Drinks > Other Soft Drinks,Sprite,"Sprite Zero Sugar 355mL Cans, 12 Pack",SKU:6000188743456,UPC:6700011056,ID:6000188743455,Walmart Item #:30857318,$5.47,,,,$0.13/100ML,"Life is an adventure. Who needs a map when the challenge of figuring it all out is half the fun? And in those moments when everything becomes clearer, you’ll know you were on the right path all along. So whether you’re thirsty for more, or questioning everything, Sprite Zero is on your side. 

It’s the lemon-lime flavoured soft drink that’s perfectly crisp, and always clear. Sprite Zero is the caffeine free, zero calorie soda that ignites your senses to keep you on your toes with its cool, satisfying, and refreshing citrus taste. It’s got a crisp fizz that does more with less, and has zero sugar. So when it comes to lemon-lime flavoured drinks, choose the one and only Sprite.
   
Sprite Zero never fails to deliver exactly what it promises, every single time. Crisp, lemon-lime refreshment with zero sugar that always hits like the truth. So when you’re ready to drop the filters and get real with your soft drink choices, grab a Sprite Zero.","The iconic lemon-lime Sprite taste, with zero sugar
Zero sugar, zero calories
Made with 100% natural flavours united in the iconic lemon-lime taste
Caffeine-free sparkling beverage
355 mL per can
Perfect size to be enjoyed with meals, snacks or on the go","[{""Flavour"":""Citrus""},{""Singleserve"":""No""},{""Storage Type"":""Refrigerate""},{""Clearout Deal"":""No""},{""Lifestyle\/Dietary Need"":""No egg,No fish,No milk,No mustard,No sesame,No shellfish,No soy,No sulfite,No wheat,No lactose,No added sugars,Vegan-friendly,Vegetarian-friendly""}]",https://i5.walmartimages.ca/images/Enlarge/110/566/999999-67000110566.jpg | https://i5.walmartimages.ca/images/Enlarge/187/968/6000200187968.jpg | https://i5.walmartimages.ca/images/Enlarge/660/154/6000202660154.jpg | https://i5.walmartimages.ca/images/Enlarge/660/163/6000202660163.jpg | https://i5.walmartimages.ca/images/Enlarge/630/648/6000202630648.jpg,5,Sold by Walmart,"CARBONATED WATER, CITRIC ACID, POTASSIUM CITRATE, POTASSIUM BENZOATE, ASPARTAME (CONTAINS PHENYLALANINE), ACESULFAME-POTASSIUM, NATURAL FLAVOUR. CONTAINS (PER 355 mL): 75 mg ASPARTAME 50 mg ACESULFAME-POTASSIUM","No egg,No fish,No milk,No mustard,No sesame,No shellfish,No soy,No sulfite,No wheat,No lactose,No added sugars,Vegan-friendly,Vegetarian-friendly",Add to Cart; Find in Store,5,2,,
Walmart Canada,Drinks,Soft Drinks/Sodas,walmart.ca,https://www.walmart.ca/en/ip/coca-cola-2l-bottle/6000016951204,,2 L,Walmart.ca > Household Supplies & Pantry > Drinks > Soft Drinks > Cola,Coca-Cola,Coca-Cola 2L Bottle,SKU:206872,UPC:6700000427,ID:6000016951204,Walmart Item #:9227711,$1.97,,,,$0.1/100LT,"Soda. Pop. Soft drink. Sparkling beverage. Carbonated drink.

Whatever you call it, nothing compares to the refreshing, crisp taste of Coca-Cola, the delicious soda you know and love. Enjoy with friends, on the go or with a meal. Whatever the occasion, wherever you are, Coca-Cola makes life’s special moments a little bit better.

Since 1886, its great taste has stood the test of time. Something so delicious, so unique and so familiar, it’s what makes you think “Coca-Cola” whenever you hear “soft drink.” Between that perfect taste and refreshing fizz, it’s sure to give you that “ahhh” moment whenever you want it. 

Looking for something zero sugar? Then look no further than Coca-Cola Zero Sugar. Whatever you’re looking for in a soda, there’s a Coca-Cola to satisfy your taste buds.
 
Every sip, every “ahhh,” every smile—find that feeling with Coca-Cola. Best enjoyed ice-cold for maximum refreshment. Grab a Coca-Cola, take a sip and find your “ahhh” moment.

Enjoy Coca-Cola","1 bottle of Coca-Cola — the refreshing, crisp taste you know and love
Great taste since 1886
34 mg caffeine in each 355 mL serving
2 L in each bottle
This carbonated beverage is best enjoyed ice-cold for maximum refreshment","[{""Flavour"":""Cola""},{""Singleserve"":""No""},{""Storage Type"":""Refrigerate""},{""Clearout Deal"":""No""},{""Lifestyle\/Dietary Need"":""No egg,No fish,No milk,No mustard,No sesame,No shellfish,No soy,No sulfite,No wheat,No lactose,Kosher,Vegan-friendly,Vegetarian-friendly""}]",https://i5.walmartimages.ca/images/Enlarge/-bo/tle/coca-cola-2-liter-botle.jpg | https://i5.walmartimages.ca/images/Enlarge/246/069/6000200246069.jpg | https://i5.walmartimages.ca/images/Enlarge/750/926/6000202750926.jpg | https://i5.walmartimages.ca/images/Enlarge/750/935/6000202750935.jpg | https://i5.walmartimages.ca/images/Enlarge/750/901/6000202750901.jpg | https://i5.walmartimages.ca/images/Enlarge/991/997/6000203991997.jpg | https://i5.walmartimages.ca/images/Enlarge/991/990/6000203991990.jpg | https://i5.walmartimages.ca/images/Enlarge/280/455/6000202280455.jpg | https://i5.walmartimages.ca/images/Enlarge/246/148/6000200246148.jpg | https://i5.walmartimages.ca/images/Enlarge/246/173/6000200246173.jpg | https://i5.walmartimages.ca/images/Enlarge/246/173/6000200246173.jpg,11,Sold by Walmart,"CARBONATED WATER,  SUGAR/GLUCOSE-FRUCTOSE, CARAMEL COLOUR, PHOSPHORIC ACID, NATURAL FLAVOUR, CAFFEINE.","No egg,No fish,No milk,No mustard,No sesame,No shellfish,No soy,No sulfite,No wheat,No lactose,Kosher,Vegan-friendly,Vegetarian-friendly",Add to Cart; Find in Store,4,4,,
Walmart Canada,Drinks,Coffee,walmart.ca,https://www.walmart.ca/en/ip/keurig-timothys-rainforest-espresso-extra-dark-roast-coffee-recyclable-k-cup-pods/6000192173562,,Box of 30 K-Cup® pods,Walmart.ca > Household Supplies & Pantry > Drinks > Coffee > Coffee Pods,Timothy’s,Keurig® Timothy's® Rainforest Espresso® Extra Dark Roast Coffee Recyclable K-Cup® PODS,SKU:6000192173563,UPC:84211506730,ID:6000192173562,Walmart Item #:31023157,$14.97,,,,$0.5/1EA,"Explore your mysterious side with a taste of the exotic. From lush Amazonian rainforests straight to your cup, Timothy's® Rainforest Espresso® has a strong, full bodied flavour that is sweet, smooth, and richly satisfying. This product is a Rainforest Alliance Certified™ coffee.",,"[{""Flavour"":""Espresso""},{""Product Type"":""Espresso""},{""Decaffeinated"":""No""},{""Singleserve"":""No""},{""Franchise"":""Timothy's""},{""Storage Type"":""Shelf""},{""Clearout Deal"":""No""},{""Lifestyle\/Dietary Need"":""No egg,No fish,No milk,No mustard,No sesame,No shellfish,No soy,No sulfite,No wheat,No lactose,No artificials,No added sugars,Paleo-friendly,Vegan-friendly,Vegetarian-friendly,Whole30-friendly""}]",https://i5.walmartimages.ca/images/Enlarge/024/276/6000200024276.jpg | https://i5.walmartimages.ca/images/Enlarge/465/353/6000198465353.jpg | https://i5.walmartimages.ca/images/Enlarge/465/354/6000198465354.jpg | https://i5.walmartimages.ca/images/Enlarge/279/141/6000200279141.jpg | https://i5.walmartimages.ca/images/Enlarge/279/020/6000200279020.jpg,5,Sold by Walmart,Coffee,"No egg,No fish,No milk,No mustard,No sesame,No shellfish,No soy,No sulfite,No wheat,No lactose,No artificials,No added sugars,Paleo-friendly,Vegan-friendly,Vegetarian-friendly,Whole30-friendly",Add to Cart; Find in Store,4.4,40,,2
Walmart Canada,Frozen,Meatless Alternatives,walmart.ca,https://www.walmart.ca/en/ip/extra-lean-ground-turkey/6000201665010,,$10 XL Ground Turkey,"Walmart.ca > Grocery > Frozen Food > Frozen Meat, Seafood & Alternatives > Frozen Chicken & Turkey",Butchers Selection,Extra Lean Ground Turkey,SKU:6000201665011,UPC:82981093054,ID:6000201665010,Walmart Item #:30845887,$10,,,,,"Our Frozen Extra Lean Ground Turkey is a great everyday super food that can be enjoyed for any meal of the day. It's a low-cost meat that's easy to make, and adds lean protein to pasta, taco salads, bowls, and more.","Frozen
Extra Lean
Made in Canada
4 x 1 lb
Versatile for many applications","[{""Cut"":""Ground""},{""Product Type"":""Other""},{""Singleserve"":""No""},{""Storage Type"":""Frozen""},{""Clearout Deal"":""No""},{""Lifestyle\/Dietary Need"":""No fish,No milk,No mustard,No sesame,No shellfish,No soy,No sulfite,No wheat,No lactose,No artificials,No added sugars,Paleo-friendly,Whole30-friendly""}]",https://i5.walmartimages.ca/images/Enlarge/800/656/6000201800656.jpg | https://i5.walmartimages.ca/images/Enlarge/816/374/6000201816374.jpg | https://i5.walmartimages.ca/images/Enlarge/811/138/6000201811138.jpg | https://i5.walmartimages.ca/images/Enlarge/816/376/6000201816376.jpg,4,Sold by Walmart,Turkey May contain: Egg,"No fish,No milk,No mustard,No sesame,No shellfish,No soy,No sulfite,No wheat,No lactose,No artificials,No added sugars,Paleo-friendly,Whole30-friendly",Add to Cart; Find in Store,2.4,7,,
Walmart Canada,Drinks,Soft Drinks/Sodas,walmart.ca,https://www.walmart.ca/en/ip/diet-pepsi-355ml-cans-24-pack/6000094389963,,24x355mL,Walmart.ca > Household Supplies & Pantry > Drinks > Soft Drinks > Diet Cola,Pepsi,"Diet Pepsi, 355mL Cans, 24 Pack",SKU:10212511,UPC:6900001429,ID:6000094389963,Walmart Item #:30173856,$8.97,,,,$0.11/100ML,"Diet Pepsi® soft drink is a bold, refreshing, robust cola, with zero calories. Perfect for parties, meals and celebrations big and small. This 24-pack of 355 mL cans is ideal for sharing with family and friends.","•Crisp, refreshing, great tasting cola with zero calories.
•Perfect for any occasion or celebration.
•24-pack of 355 mL cans is ideal for sharing with family and friends.
•","[{""Flavour"":""Cola""},{""Singleserve"":""No""},{""Storage Type"":""Shelf""},{""Clearout Deal"":""No""},{""Lifestyle\/Dietary Need"":""N\/A""}]",https://i5.walmartimages.ca/images/Enlarge/191/637/191637.jpg | https://i5.walmartimages.ca/images/Enlarge/849/709/6000201849709.jpg | https://i5.walmartimages.ca/images/Enlarge/442/110/6000203442110.jpg | https://i5.walmartimages.ca/images/Enlarge/849/713/6000201849713.jpg | https://i5.walmartimages.ca/images/Enlarge/374/641/6000203374641.jpg | https://i5.walmartimages.ca/images/Enlarge/374/641/6000203374641.jpg,6,Sold by Walmart,"CARBONATED WATER, CARAMEL COLOUR, PHOSPHORIC ACID, ASPARTAME (207 mg/591mL), CONTAINS PHENYLALANINE), SODIUM BENZOATE, CAFFEINE, NATURAL FLAVOUR, ACESULFAME POTASSIUM (53 mg/591 mL), CITRIC ACID.",N/A,Add to Cart; Find in Store,4.2,72,,
Walmart Canada,Frozen,Meatless Alternatives,walmart.ca,https://www.walmart.ca/en/ip/great-value-chicken-strips-in-value-size/6000199546417,,1.5 kg,"Walmart.ca > Grocery > Frozen Food > Frozen Meat, Seafood & Alternatives > Frozen Chicken & Turkey",Great Value,Great Value Chicken Strips in Value Size,SKU:6000199546418,"UPC:62891522494"",""62891566962",ID:6000199546417,Walmart Item #:31166468,$8.97,,,,$0.01/1GR,"Great Value Chicken Strips in Value Size, breaded and fully cooked chicken cutlettes made with white meat.  Free from artificial flavours and colours.","• Improved recipe
• Value size
• Breaded chicken cutlettes
• Fully cooked
• Made with white meat
• Keep frozen
• Made in Cananda from domestic and imported ingredients","[{""Product Type"":""Other""},{""Cut"":""Strips""},{""Storage Type"":""Frozen""},{""Walmart Exclusive"":""Yes""},{""Clearout Deal"":""No""},{""Lifestyle\/Dietary Need"":""""}]",https://i5.walmartimages.ca/images/Enlarge/669/626/628915669626.jpg | https://i5.walmartimages.ca/images/Enlarge/962/6_1/628915669626_1.jpg,2,Sold by Walmart,Chicken strips,,Add to Cart; Find in Store,3.1,8,,1
Walmart Canada,Frozen,Meatless Alternatives,walmart.ca,https://www.walmart.ca/en/ip/great-value-wild-caught-pink-salmon-fillets/6000200488007,,700 g,"Walmart.ca > Grocery > Frozen Food > Frozen Meat, Seafood & Alternatives > Frozen Fish & Seafood",Great Value,Great Value Wild Caught Pink Salmon Fillets,SKU:6000200488008,UPC:62891741286,ID:6000200488007,Walmart Item #:30624249,$9.97,,,,,Great Value Wild Caught Pink Salmon Fillets,"• Skin on
• Sustainably sourced
• Individually vacuum sealed
• Keep frozen
• Uncooked
• Certified sustainable seafood","[{""Cut"":""Fillets""},{""Product Type"":""Seafood""},{""Storage Type"":""Frozen""},{""Walmart Exclusive"":""Yes""},{""Lifestyle\/Dietary Need"":""No artificials,No added sugars,Paleo-friendly,Whole30-friendly""}]",https://i5.walmartimages.ca/images/Enlarge/934/457/6000200934457.jpg,1,Sold by Walmart,Other,"No artificials,No added sugars,Paleo-friendly,Whole30-friendly",Add to Cart; Find in Store,3.4,5,,1
Walmart Canada,Frozen,Meatless Alternatives,walmart.ca,https://www.walmart.ca/en/ip/great-value-pork-breakfast-sausages/6000196006881,,1 kg,"Walmart.ca > Grocery > Frozen Food > Frozen Meat, Seafood & Alternatives > Frozen Pork",Great Value,Great Value Pork Breakfast Sausages,SKU:6000196006882,UPC:62891522426,ID:6000196006881,Walmart Item #:31150036,$9,,,,$0.01/1GR,"Great Value uncooked pork breakfast sausages are individually quick frozen for freshness, then vacuum-packed in small batches for ease of use. Keep a bag in the freezer for when you’re ready for a hearty, delicious breakfast.",,"[{""Cut"":""Sausages""},{""Product Type"":""Pork""},{""Storage Type"":""Frozen""},{""Walmart Exclusive"":""Yes""},{""Clearout Deal"":""No""},{""Lifestyle\/Dietary Need"":""""}]",https://i5.walmartimages.ca/images/Enlarge/161/044/6000204161044.jpg | https://i5.walmartimages.ca/images/Enlarge/426/9_1/999999-628915224269_1.jpg | https://i5.walmartimages.ca/images/Enlarge/003/6_1/31150036_1.jpg,3,Sold by Walmart,"Pork, water, toasted wheat crumbs, salt, brown sugar, flavour, spices. may contain: milk, eggs, soy, mustard",,Add to Cart; Find in Store,3.4,5,,1
Walmart Canada,Frozen,Meatless Alternatives,walmart.ca,https://www.walmart.ca/en/ip/shrimp-ring/6000200240710,,284 g,"Walmart.ca > Grocery > Frozen Food > Frozen Meat, Seafood & Alternatives > Frozen Fish & Seafood",Our Finest,Shrimp Ring,SKU:6000200240711,UPC:68113134093,ID:6000200240710,Walmart Item #:30323397,$5.97,,,,$2.1/100GR,Our Finest Shrimp Ring has a minimum of 26 Shrimp per ring and includes a delicious mild cocktail sauce.  Just thaw and serve for a quick appetizer.  BAP Certified.,"• Shrimp ring with mild cocktail sauce
• 27 minimum
• Peeled
• Keep frozen
• Fully cooked
• 170 g (shrimp) + 114 g (sauce)","[{""Cut"":""Seafood""},{""Storage Type"":""Frozen""},{""Walmart Exclusive"":""Yes""},{""Clearout Deal"":""No""},{""Lifestyle\/Dietary Need"":""""}]",https://i5.walmartimages.ca/images/Enlarge/340/939/681131340939.jpg | https://i5.walmartimages.ca/images/Enlarge/39_/nft/681131340939_NFT.jpg | https://i5.walmartimages.ca/images/Enlarge/39_/nft/681131340939_NFT.jpg,3,Sold by Walmart,"Cooked shrimp (shrimp, sodium, tripolyphosphate, salt), Cocktail sauce (water, tomato paste, prepared horseradish [horseradish, water, vinegar, salt, soybean oil, flavour], sugar, modified tapioca starch, xanthan gum, carrageenan, salt, acetic acid, citric acid, spices, flavour, garlic powder, onion powder).",,Add to Cart; Find in Store,4.5,2,,
Walmart Canada,Frozen,Meatless Alternatives,walmart.ca,https://www.walmart.ca/en/ip/great-value-chicken-nuggets/6000199546928,,800 g,"Walmart.ca > Grocery > Frozen Food > Frozen Meat, Seafood & Alternatives > Frozen Chicken & Turkey",Great Value,Great Value Chicken Nuggets,SKU:6000199546929,UPC:62891566966,ID:6000199546928,Walmart Item #:30563397,$4.97,,,,$0.62/100GR,"Great Value Chicken Nuggets are fully cooked, tender nuggets of chicken made with white meat in a crispy coating.","• Breaded chicken cutlettes
• Fully cooked
• Made with white meat
• Keep frozen
• Made in Canada
• Free from artificial flavours and colours","[{""Product Type"":""Other""},{""Cut"":""Nuggets & Bites""},{""Singleserve"":""No""},{""Storage Type"":""Frozen""},{""Walmart Exclusive"":""Yes""},{""Clearout Deal"":""No""},{""Lifestyle\/Dietary Need"":""""}]",https://i5.walmartimages.ca/images/Enlarge/669/664/628915669664.jpg | https://i5.walmartimages.ca/images/Enlarge/966/4_1/628915669664_1.jpg | https://i5.walmartimages.ca/images/Enlarge/64_/nft/628915669664_NFT.jpg | https://i5.walmartimages.ca/images/Enlarge/64_/nft/628915669664_NFT.jpg,4,Sold by Walmart,"Chicken, water, toasted wheat crumbs with spices, toasted wheat crumbs, modified corn starch, soybean oil, enriched wheat flour, soy protein isolate, yellow corn flour, spices, potassium chloride, salt, wheat gluten, onion powder, baking powder, garlic powder, yeast extract, guar gum, sugar, flavour, vegetable oil (canola and/or sunflower), silicon dioxide. Contains: soy, wheat. May contain: sesame, milk, eggs, fish, mustard, sulphites.",,Add to Cart; Find in Store,2.3,3,,1
Walmart Canada,Frozen,Meatless Alternatives,walmart.ca,https://www.walmart.ca/en/ip/great-value-chicken-burgers/6000199217704,,8 x 113 g,"Walmart.ca > Grocery > Frozen Food > Frozen Meat, Seafood & Alternatives > Frozen Chicken & Turkey",Great Value,Great Value Chicken Burgers,SKU:6000199217705,UPC:62891582529,ID:6000199217704,Walmart Item #:31013200,$10.97,,,,$1.21/100GR,Great Value Chicken Burgers,"Made with simple ingredients, Great Value Chicken Burgers are exquisitely tender, simply seasoned and full of fabulous flavour. Ready for grilling, these burgers can be paired with an array of gourmet toppings or enjoyed simply with classic condiments. Any way you dress them, they are sure to impress.

• 65% less fat than the Great Value beef burger
• Uncooked
• Keep frozen
• Made in Canada
• From domestic and imported ingredients","[{""Cut"":""Burgers""},{""Product Type"":""Chicken""},{""Storage Type"":""Frozen""},{""Walmart Exclusive"":""Yes""},{""Clearout Deal"":""No""},{""Lifestyle\/Dietary Need"":""No added sugars""}]",https://i5.walmartimages.ca/images/Enlarge/825/299/628915825299.jpg | https://i5.walmartimages.ca/images/Enlarge/529/9_1/628915825299_1.jpg | https://i5.walmartimages.ca/images/Enlarge/99_/nft/628915825299_NFT.jpg,3,Sold by Walmart,"Chicken, water, bleached wheat flour, durum wheat flour, baking soda, sodium acid pyrophosphate, yeast, sea salt, flavour, onion powder, garlic powder, yeast extract, salt, spice. Contains: wheat. May contain: milk, soy, mustard.",No added sugars,Add to Cart; Find in Store,3.6,29,,
Walmart Canada,Drinks,Coffee,walmart.ca,https://www.walmart.ca/en/ip/maxwell-house-suisse-mocha-flavoured-instant-coffee-beverage-mix/6000156123470,,205g,Walmart.ca > Household Supplies & Pantry > Drinks > Coffee > Instant Coffee,Maxwell House,Maxwell House Suisse Mocha Flavoured Instant Coffee Beverage Mix,SKU:10306094,UPC:6810000002,ID:6000156123470,Walmart Item #:30184340,$3.97,,,,$1.75/100GR,Maxwell House Suisse Mocha Flavoured Instant Coffee Beverage is the perfect way to treat yourself any time of day. The cafe-style beverage mix contains instant coffee mixed with decadent mocha flavour for a rich chocolate flavour. Simply mix boiling water or hot milk with this mocha flavoured coffee mix without a brewer for instant indulgence.,"•205g tub of Maxwell House Suisse Mocha Flavoured Instant Coffee Beverage Mix
•Container is recyclable where facilities exist
•Instant coffee beverage mix
•Maxwell House Coffee is good to the last drop
•Maxwell House Coffee is made for life on the go","[{""Flavour"":""Other""},{""Product Type"":""Instant""},{""Decaffeinated"":""No""},{""Singleserve"":""No""},{""Storage Type"":""Shelf""},{""Clearout Deal"":""No""},{""Lifestyle\/Dietary Need"":""No egg,No fish,No mustard,No sesame,No shellfish,No soy,No sulfite,No wheat,Vegetarian-friendly""}]",https://i5.walmartimages.ca/images/Enlarge/873/916/873916.jpg | https://i5.walmartimages.ca/images/Enlarge/552/628/6000200552628.jpg | https://i5.walmartimages.ca/images/Enlarge/552/629/6000200552629.jpg,3,Sold by Walmart,"INGREDIENTS: SUGAR, CORN SYRUP SOLIDS, HYDROGENATED COCONUT OIL, INSTANT COFFEE, COCOA POWDER, MODIFIED MILK INGREDIENTS, MALTODEXTRIN, DIPOTASSIUM PHOSPHATE, SODIUM CITRATE, ARTIFICIAL AND NATURAL FLAVOUR, MONO- AND DIGLYCERIDES, SODIUM ALUMINOSILICATE, SKIM MILK POWDER, SILICON DIOXIDE. (C011H)","No egg,No fish,No mustard,No sesame,No shellfish,No soy,No sulfite,No wheat,Vegetarian-friendly",Add to Cart; Find in Store,4.8,205,,6
Walmart Canada,Drinks,Soft Drinks/Sodas,walmart.ca,https://www.walmart.ca/en/ip/nestea-zero-sugar-341ml-can-12-pack/6000131668783,,12 x 341 mL,Walmart.ca > Grocery > Drinks > Soft Drinks > Other Soft Drinks,NESTEA,"NESTEA Zero Sugar 341mL Can, 12 Pack",SKU:10280640,UPC:8390000377,ID:6000131668783,Walmart Item #:30336098,$5.97,,,,$0.15/100ML,"We've been sourcing real ingredients like our tea leaves since back in 1948 when NESTEA was first brewed. That’s long before “sourcing real ingredients” became as trendy as brunch lineups and reclaimed barn wood. So you might say that NESTEA, Canada's favourite iced tea brand, has been keepin' it real since forever –– with no added preservatives. So refresh yourself with the crisp, delicious taste of Nestea Zero Sugar lemon iced tea. 

Nestea Zero Sugar Lemon Iced Tea is always made with real tea for that refreshing taste you love with a splash of natural lemon flavour to keep things crisp. So when the need for refreshment slides into your DMs, swipe right on the zero sugar iced tea that’ll satisfy your thirst. Hot summer day optional. 
 
Nestea Zero Sugar Lemon Iced Tea won’t solve all of your problems, but our zero sugar, zero calorie iced tea makes choosing refreshment an easy problem to solve––in just the right sizes. 

So when you’re searching for summertime refreshment any time of year, think Nestea Zero. Because Nestea has been real since before it was cool to have real ingredients in your stuff. 

Real tea, real refreshment.","Nestea Zero Sugar Lemon Iced Tea is keepin’ it real since forever
Zero sugar, zero calories
Made with real tea and naturally flavoured
No preservatives
341mL Can, 12 Pack","[{""Flavour"":""Other""},{""Singleserve"":""No""},{""Storage Type"":""Refrigerate""},{""Clearout Deal"":""No""},{""Lifestyle\/Dietary Need"":""No egg,No fish,No milk,No mustard,No sesame,No shellfish,No soy,No sulfite,No wheat,No lactose,No added sugars,Vegan-friendly,Vegetarian-friendly""}]",https://i5.walmartimages.ca/images/Enlarge/246/794/246794.jpg | https://i5.walmartimages.ca/images/Enlarge/679/4_1/246794_1.jpg | https://i5.walmartimages.ca/images/Enlarge/679/4_2/246794_2.jpg | https://i5.walmartimages.ca/images/Enlarge/280/368/6000202280368.jpg | https://i5.walmartimages.ca/images/Enlarge/280/334/6000202280334.jpg | https://i5.walmartimages.ca/images/Enlarge/280/366/6000202280366.jpg | https://i5.walmartimages.ca/images/Enlarge/280/425/6000202280425.jpg | https://i5.walmartimages.ca/images/Enlarge/630/707/6000202630707.jpg | https://i5.walmartimages.ca/images/Enlarge/280/417/6000202280417.jpg | https://i5.walmartimages.ca/images/Enlarge/77_/nft/83900003777_NFT.jpg | https://i5.walmartimages.ca/images/Enlarge/77_/nft/83900003777_NFT.jpg,11,Sold by Walmart,"FILTERED WATER, MALIC ACID, CONCENTRATED TEA FROM TEA LEAVES, POTASSIUM CITRATE, ACESULFAME-POTASSIUM, SUCRALOSE. NATURAL LEMON FLAVOUR.","No egg,No fish,No milk,No mustard,No sesame,No shellfish,No soy,No sulfite,No wheat,No lactose,No added sugars,Vegan-friendly,Vegetarian-friendly",Add to Cart; Find in Store,4,6,,
Walmart Canada,Frozen,Pizzas,walmart.ca,https://www.walmart.ca/en/ip/pillsbury-pizza-pops-three-cheese-pizza-snacks/6000016939218,,"8 pizza snacks, 800 g",Walmart.ca > Grocery > Frozen Food > Frozen Pizza,Pillsbury,Pillsbury Pizza Pops Three Cheese Pizza Snacks,SKU:207444,UPC:6905226581,ID:6000016939218,Walmart Item #:30148338,$5.18,$3.97,,,$0.5/100GR,"Need to fill that afternoon hunger gap? Chow down on a warm and delicious Three Cheese Pillsbury Pizza Pop. Filled with three gooey cheeses and wrapped in soft Pillsbury dough, Pizza Pops are the perfect after-school snack.","• The perfect after-school snack for kids!
• Canada’s Best Selling Pizza Snack!
• Try all 7 great flavours to meet all your pizza cravings
• Try our Crispy Crust for a bigger pizza meal!
• Box contains: 8 pizza snacks","[{""Product Type"":""Handhelds & Pockets""},{""Storage Type"":""Frozen""},{""Lifestyle\/Dietary Need"":""No egg,No fish,No sesame,No shellfish,No soy,No sulfite""}]",https://i5.walmartimages.ca/images/Enlarge/265/812/999999-69052265812.jpg | https://i5.walmartimages.ca/images/Enlarge/376/714/6000201376714.jpg | https://i5.walmartimages.ca/images/Enlarge/778/435/6000201778435.jpg | https://i5.walmartimages.ca/images/Enlarge/778/440/6000201778440.jpg | https://i5.walmartimages.ca/images/Enlarge/778/451/6000201778451.jpg | https://i5.walmartimages.ca/images/Enlarge/778/486/6000201778486.jpg | https://i5.walmartimages.ca/images/Enlarge/778/515/6000201778515.jpg | https://i5.walmartimages.ca/images/Enlarge/nft/_en/69052265812_NFT_EN.jpg | https://i5.walmartimages.ca/images/Enlarge/nft/_fr/69052265812_NFT_FR.jpg,9,Sold by Walmart,"ENRICHED WHEAT FLOUR, WATER, PIZZA TOPPING (WATER, PALM OIL, MODIFIED POTATO STARCH, RENNET CASEIN, MODIFIED CORN STARCH, SODIUM CITRATE, POTASSIUM CHLORIDE, LACTIC ACID, SODIUM ALUMINUM PHOSPHATE, SALT, SODIUM PHOSPHATE, CARRAGEENAN, NATURAL FLAVOUR [CONTAINS MODIFIED MILK INGREDIENTS], COLOUR), CANOLA OIL, PART SKIM MOZZARELLA CHEESE (MODIFIED MILK INGREDIENTS, BACTERIAL CULTURE, SALT, MICROBIAL ENZYME, CALCIUM CHLORIDE, CELLULOSE POWDER, NATAMYCIN), CONCENTRATED TOMATO PASTE, WHITE CHEDDAR CHEESE (WHOLE MILK, BACTERIAL CULTURE, SALT, CALCIUM CHLORIDE, MICROBIAL ENZYME, CELLULOSE POWDER, NATAMYCIN), PROVOLONE CHEESE (MILK INGREDIENTS, BACTERIAL CULTURE, SALT, CALCIUM CHLORIDE, MICROBIAL ENZYMES, CELLULOSE POWDER, NATAMYCIN), SUGAR, SALT, MODIFIED CORN STARCH, DEXTROSE, SODIUM STEAROYL-2-LACTYLATE, METHYLCELLULOSE, BAKING SODA, SODIUM ALUMINUM PHOSPHATE, SPICES, CITRIC ACID, HIGH MONOUNSATURATED CANOLA OIL, MONOCALCIUM PHOSPHATE, MALIC ACID, NATURAL FLAVOUR, GLUTAMIC ACID, AUTOLYZED YEAST EXTRACT, TOMATO POWDER, ONION EXTRACT, STEVIA EXTRACT. CONTAINS WHEAT AND MILK INGREDIENTS.","No egg,No fish,No sesame,No shellfish,No soy,No sulfite",Add to Cart; Find in Store,5,1,,1
Walmart Canada,Frozen,Pizzas,walmart.ca,https://www.walmart.ca/en/ip/delissio-pizzeria-pepperoni-pizza/6000195442522,,530 GR,Walmart.ca > Grocery > Frozen Food > Frozen Pizza,Delissio,DELISSIO Pizzeria Pepperoni Pizza,SKU:6000195442523,UPC:7192197360,ID:6000195442522,Walmart Item #:30875832,$5.44,,,,$1.03/100GR,"Elevate your pizza night with DELISSIO Pizzeria Pepperoni Pizza (530 g). There's nothing quite like true Italian pizza. Inspired by their passion for quality ingredients and traditional recipes, each bite is loaded with all the good stuff: thin-sliced pepperoni, the finest tomato sauce, and grated cheese on a restaurant style crust that's not too thin or too thick, but just right. Drizzled with extra-virgin olive oil and topped with parsley seasoning. Perfect for a family meal, date night or an evening outside with the BBQ fired up. For this delicious, easy-to-bake frozen pizza, the only door you'll be opening is your oven. IT'S NOT DELIVERY, IT'S DELISSIO!","• Italian-inspired, classic pizza recipe using thin-sliced pepperoni, the finest tomato sauce, and grated cheese on a pizzeria-style crust drizzled with extra-virgin olive oil and parsley seasoning
• This pepperoni pizza is great on the BBQ for a summertime pizza night, date night or a family meal
• Easy to bake: just follow the simple instructions on the back of the frozen pizza packaging
• Made with only high-quality ingredients for a truly fresh-baked taste
• Contains no artificial flavours – only pure tastiness","[{""Product Type"":""Pepperoni""},{""Batteries Included"":""N""},{""Storage Type"":""Other""},{""Features"":""\u2022 Italian-inspired""},{""Features"":"" classic pizza recipe using thin-sliced pepperoni""},{""Features"":"" the finest tomato sauce""},{""Features"":"" and grated cheese on a pizzeria-style crust drizzled with extra-virgin olive oil and parsley seasoning<br>\u2022 This pepperoni pizza is great on the BBQ for a summertime pizza night""},{""Features"":"" date night or a family meal<br>\u2022 Easy to bake: just follow the simple instructions on the back of the frozen pizza packaging<br>\u2022 Made with only high-quality ingredients for a truly fresh-baked taste<br>\u2022 Contains no artificial flavours \u2013 only pure tastiness""},{""Clearout Deal"":""No""},{""Lifestyle\/Dietary Need"":""No egg,No fish,No sesame,No shellfish,No artificials""}]",https://i5.walmartimages.com/asr/42fcc4d9-daa7-4465-bf65-1d944ff8d233.58c770c303c37e1aa59c228c33391fee.jpeg?odnHeight=2000&odnWidth=2000&odnBg=ffffff | https://i5.walmartimages.com/asr/189099f3-7b76-4ff0-92ff-7c05c990254d.664aeefda033fb2b00b96607429ad1d8.jpeg?odnHeight=2000&odnWidth=2000&odnBg=ffffff | https://i5.walmartimages.com/asr/0819862b-d5d1-47f0-98a3-b09acec09b4e.f8039bf6302f254c93fc7d072e8868cf.jpeg?odnHeight=2000&odnWidth=2000&odnBg=ffffff | https://i5.walmartimages.com/asr/fa410869-6746-4961-9d37-7c89949cd9ac.827b9ca8c019e8f189a34f7f621aea98.jpeg?odnHeight=2000&odnWidth=2000&odnBg=ffffff | https://i5.walmartimages.com/asr/0e618391-b4c1-4b21-94f9-b2b002fe171e.7919a9404af14660897081520a5064f6.jpeg?odnHeight=2000&odnWidth=2000&odnBg=ffffff | https://i5.walmartimages.com/asr/6604d207-c796-47f0-b415-4d70679d2b22.bc525681bc2032db978ced67fef55a9f.jpeg?odnHeight=2000&odnWidth=2000&odnBg=ffffff | https://i5.walmartimages.com/asr/6cb0e4bb-b829-4a15-8c58-d3c98de7e45f.33edcff924c43bf8c20a42a8d9fbe90d.jpeg?odnHeight=2000&odnWidth=2000&odnBg=ffffff | https://i5.walmartimages.com/asr/f24d18ab-4fb2-41f2-8ba8-97662692d483.ccf3d63fb019a9efd3d519b23ff1e21b.jpeg?odnHeight=2000&odnWidth=2000&odnBg=ffffff | https://i5.walmartimages.com/asr/72e17089-1e88-4255-869c-8c8ea87f96c2.26ae0d520b214bee8d0abe3cc1eaa8db.jpeg?odnHeight=2000&odnWidth=2000&odnBg=ffffff,9,Sold by Walmart,"CRUST WHEAT FLOUR, WATER, CANOLA OIL, YEAST, SALT, SUGAR, MALTED BARLEY FLOUR. TOPPINGS PART-SKIM MOZZARELLA CHEESE (PARTLY SKIMMED MILK, BACTERIAL CULTURE, SALT, MICROBIAL ENZYME), PEPPERONI (MUSTARD), EXTRA-VIRGIN OLIVE OIL, PARSLEY FLAKES. SAUCE WATER, TOMATO PASTE, CANOLA AND SOY OILS, GARLIC PURÉE, SALT, SUGAR, VINEGAR, OREGANO, BASIL, THYME, SPICES.","No egg,No fish,No sesame,No shellfish,No artificials",Add to Cart; Find in Store,4.7,59,,
Walmart Canada,Drinks,Soft Drinks/Sodas,walmart.ca,https://www.walmart.ca/en/ip/coca-cola-zero-sugar-2l-bottle/6000096432523,,2 L,Walmart.ca > Household Supplies & Pantry > Drinks > Soft Drinks > Cola,Coca-Cola,Coca-Cola Zero Sugar 2L Bottle,SKU:10214488,UPC:6700010668,ID:6000096432523,Walmart Item #:9232928,$1.97,,,,$0.1/100ML,"Soda. Pop. Soft drink. Sparkling beverage. Carbonated drink.

Whatever you call it, nothing compares to the refreshing, crisp taste of Coca-Cola Zero Sugar. Enjoy with friends, on the go or with a meal. Whatever the occasion, wherever you are, Coca-Cola Zero Sugar makes life’s special moments a little bit better.

The great taste of Coca-Cola has stood the test of time. And Coca-Cola Zero Sugar brings you a Coca-Cola taste with zero sugar and zero calories. Between the delicious taste and refreshing fizz, it’s sure to give you that “ahhh” moment whenever you want it.
 
Every sip, every “ahhh,” every smile—find that feeling with Coca-Cola Zero Sugar. Best enjoyed ice-cold for maximum refreshment. Grab a Coca-Cola Zero Sugar, take a sip and find your “ahhh” moment.

Whatever you’re looking for in a soda, there’s a Coca-Cola to satisfy your taste buds.

Enjoy Coca-Cola Zero Sugar.","Great Coca-Cola taste, zero sugar
Refreshing, crisp taste pairs perfectly with a meal or with friends
34 mg of caffeine in each 355 mL serving
2 L in each bottle
This carbonated beverage is best enjoyed ice-cold for maximum refreshment.","[{""Flavour"":""Cola""},{""Singleserve"":""No""},{""Storage Type"":""Refrigerate""},{""Clearout Deal"":""No""},{""Lifestyle\/Dietary Need"":""No egg,No fish,No milk,No mustard,No sesame,No shellfish,No soy,No sulfite,No wheat,No lactose,Kosher,No added sugars,Vegan-friendly,Vegetarian-friendly""}]",https://i5.walmartimages.ca/images/Enlarge/155/503/155503.jpg | https://i5.walmartimages.ca/images/Enlarge/550/3_1/155503_1.jpg | https://i5.walmartimages.ca/images/Enlarge/550/3_2/155503_2.jpg | https://i5.walmartimages.ca/images/Enlarge/114/554/6000200114554.jpg | https://i5.walmartimages.ca/images/Enlarge/750/918/6000202750918.jpg | https://i5.walmartimages.ca/images/Enlarge/162/148/6000200162148.jpg | https://i5.walmartimages.ca/images/Enlarge/991/992/6000203991992.jpg | https://i5.walmartimages.ca/images/Enlarge/991/980/6000203991980.jpg | https://i5.walmartimages.ca/images/Enlarge/192/614/6000200192614.jpg | https://i5.walmartimages.ca/images/Enlarge/82_/nft/67000106682_NFT.jpg | https://i5.walmartimages.ca/images/Enlarge/82_/nft/67000106682_NFT.jpg,11,Sold by Walmart,"CARBONATED WATER, CARAMEL COLOUR, PHOSPHORIC ACID, ASPARTAME (CONTAINS PHENYLALANINE), POTASSIUM BENZOATE, NATURAL FLAVOUR, POTASSIUM CITRATE, ACESULFAME-POTASSIUM, CAFFEINE.","No egg,No fish,No milk,No mustard,No sesame,No shellfish,No soy,No sulfite,No wheat,No lactose,Kosher,No added sugars,Vegan-friendly,Vegetarian-friendly",Add to Cart; Find in Store,5,2,,
Walmart Canada,Drinks,Soft Drinks/Sodas,walmart.ca,https://www.walmart.ca/en/ip/canada-dry-ginger-ale-222-ml-mini-cans-6-pack/6000002759384,,6 x 222 mL,Walmart.ca > Household Supplies & Pantry > Drinks > Soft Drinks > Other Soft Drinks,Canada Dry,"Canada Dry® Ginger Ale 222 mL Mini-Cans, 6 Pack",SKU:10281923,UPC:6210000144,ID:6000002759384,Walmart Item #:9240175,$2.97,,,,$0.22/100ML,"Canada Dry Ginger Ale is a genuine Canadian sparkling favourite with a crisp, clean light and refreshing taste that is perfect to relax and unwind with.","100% natural flavour and caffeine free
A portable, easy to carry pack of mini cans
Perfect can size to pair with a meal or a snack
Ideal for entertaining smaller groups","[{""Flavour"":""Ginger Ale""},{""Singleserve"":""No""},{""Storage Type"":""Refrigerate""},{""Clearout Deal"":""No""},{""Lifestyle\/Dietary Need"":""No egg,No fish,No milk,No mustard,No sesame,No shellfish,No soy,No sulfite,No wheat,No lactose,Kosher,Vegan-friendly,Vegetarian-friendly""}]",https://i5.walmartimages.ca/images/Enlarge/750/378/750378.jpg | https://i5.walmartimages.ca/images/Enlarge/037/8_1/750378_1.jpg | https://i5.walmartimages.ca/images/Enlarge/037/8_2/750378_2.jpg | https://i5.walmartimages.ca/images/Enlarge/192/671/6000200192671.jpg | https://i5.walmartimages.ca/images/Enlarge/162/252/6000200162252.jpg | https://i5.walmartimages.ca/images/Enlarge/48_/nft/62100001448_NFT.jpg | https://i5.walmartimages.ca/images/Enlarge/48_/nft/62100001448_NFT.jpg,7,Sold by Walmart,"CARBONATED WATER, SUGAR/GLUCOSE-FRUCTOSE, CITRIC ACID, SODIUM BENZOATE, COLOUR, NATURAL FLAVOUR.","No egg,No fish,No milk,No mustard,No sesame,No shellfish,No soy,No sulfite,No wheat,No lactose,Kosher,Vegan-friendly,Vegetarian-friendly",Add to Cart; Find in Store,4.8,2299,,
Walmart Canada,Frozen,Meatless Alternatives,walmart.ca,https://www.walmart.ca/en/ip/great-value-farm-raised-tilapia-fillets/6000200521468,,908 g,"Walmart.ca > Grocery > Frozen Food > Frozen Meat, Seafood & Alternatives > Frozen Fish & Seafood",Great Value,Great Value Farm Raised Tilapia Fillets,SKU:6000200521469,UPC:62891741283,ID:6000200521468,Walmart Item #:30669138,$9.97,,,,,Great Value Farm Raised Tilapia Fillets,"• Keep frozen
• Individually vaccum sealed
• BAP certified
• Skinless
• Sustainably sourced
• Resealable pack","[{""Cut"":""Fillets""},{""Product Type"":""Seafood""},{""Storage Type"":""Frozen""},{""Walmart Exclusive"":""Yes""},{""Clearout Deal"":""No""},{""Lifestyle\/Dietary Need"":""No artificials,No added sugars,Paleo-friendly,Whole30-friendly""}]",https://i5.walmartimages.ca/images/Enlarge/412/831/628917412831.jpg,1,Sold by Walmart,Not Applicable,"No artificials,No added sugars,Paleo-friendly,Whole30-friendly",Add to Cart; Find in Store,5,1,,1
Walmart Canada,Frozen,Meatless Alternatives,walmart.ca,https://www.walmart.ca/en/ip/high-liner-beer-battered-fish-fillets-500-g/6000191270355,,High Liner Beer Battered Fish Fillets 500 g - 6 Fish Fillets,"Walmart.ca > Grocery > Frozen Food > Frozen Meat, Seafood & Alternatives > Frozen Fish & Seafood",High Liner,High Liner Beer Battered Fish Fillets 500 G,SKU:6000191270356,UPC:6176304138,ID:6000191270355,Walmart Item #:8302892,$8.47,$5.97,,$Rollback,$1.19/100GR,"High Liner® offers Beer Battered Fillets with a traditional, flavourful beer batter. Each hand-cut fillet is prepared in an extra crispy batter that your whole family will love.",,"[{""Cut"":""Fillets""},{""Product Type"":""Seafood""},{""Storage Type"":""Frozen""},{""Clearout Deal"":""No""},{""Lifestyle\/Dietary Need"":""No egg,No sesame,No shellfish,No sulfite,No artificials""}]",https://i5.walmartimages.ca/images/Enlarge/tte/red/999999-61763041389 BeerBattered.jpg | https://i5.walmartimages.ca/images/Enlarge/259/235/6000203259235.jpg | https://i5.walmartimages.ca/images/Enlarge/259/240/6000203259240.jpg | https://i5.walmartimages.ca/images/Enlarge/259/240/6000203259240.jpg,4,Sold by Walmart,"Pollock fillets, Vegetable oil (canola, sunflower), Water, Toasted wheat crumbs, Flour (wheat, corn), Beer, Modified corn starch, Corn starch, Sugars (sugar, barley malt extract, dextrose, corn maltodextrin), Salt, Baking powder, Soy protein, Seasonings (spices, torula yeast, citric acid), Sodium phosphate (to retain moisture), Modified milk ingredients, Natural flavour (beer), Turmeric. Contains: Pollock (fish), Wheat, Soy, Barley, Milk.","No egg,No sesame,No shellfish,No sulfite,No artificials",Add to Cart; Find in Store,3,2,,
Walmart Canada,Frozen,Meatless Alternatives,walmart.ca,https://www.walmart.ca/en/ip/pintys-eatwell-eatwell-chicken-breast-fillet/6000142774219,,,"Walmart.ca > Grocery > Frozen Food > Frozen Meat, Seafood & Alternatives > Frozen Chicken & Turkey",Pinty's EatWell,Pinty's EatWell Eatwell Chicken Breast Fillet,SKU:10294082,UPC:6909462576,ID:6000142774219,Walmart Item #:30767183,$16.97,,,,$2.1/100GR,"\u003Cp>Customize your experience by enjoying them plain, or dip them in the included plum sauce.\u003C/p>",\u003Cul>\u003Cli>Gluten Free\u003C/li>\u003Cli>No artificial colours or flavours\u003C/li>\u003Cli>An excellent source of protein and energy\u003C/li>\u003Cli>A source of Omega-3 polyunsaturated fat\u003C/li>\u003Cli>Plum sauce included\u003C/li>\u003Cli>Enjoy plain or dip them\u003C/li>\u003Cli>Seasoned and lightly breaded in a rice and corn based breading\u003C/li>\u003Cli>Fully cooked\u003C/li>\u003C/ul>,"[{""Product Type"":""Other""},{""Cut"":""Fillets""},{""Storage Type"":""Other""},{""Clearout Deal"":""No""},{""Lifestyle\/Dietary Need"":""N\/A""}]",https://i5.walmartimages.ca/images/Enlarge/400/440/1400440.jpg | https://i5.walmartimages.ca/images/Enlarge/044/0_1/1400440_1.jpg,2,Sold by Walmart,,N/A,Add to Cart; Find in Store,4,10,,2
Walmart Canada,Frozen,Meatless Alternatives,walmart.ca,https://www.walmart.ca/en/ip/deli-express-chicken-breast-strips/6000202764122,,560 g,"Walmart.ca > Grocery > Frozen Food > Frozen Meat, Seafood & Alternatives > Frozen Chicken & Turkey",Deli Express,Deli Express Chicken Breast Strips,SKU:6000202764123,UPC:6310028658,ID:6000202764122,Walmart Item #:31181670,$5.97,,,,$1.09/100GR,"Bring irresistible flavour to your dinner table with Deli Express® Chicken Breast Strips. Made with our quality cuts of white meat chicken, these fully cooked chicken strips are ready to eat in just 20 minutes. An ideal choice for a tasty at-home meal addition or snack. Deli Express® is part of the Maple Leaf Foods family of brands.","FAMILY FAVOURITE: Fully cooked chicken strips are a quick, delicious meal or snack that are ready in 20 minutes
QUALITY CUTS: Only our quality cuts of boneless chicken breast are used to create these breaded chicken tenders
GOOD SOURCE OF PROTEIN: Contains 11g of protein per serving
PROUDLY CANADIAN BRAND: Deli Express® is part of the Maple Leaf Foods family of brands","[{""Product Type"":""Chicken Breasts""},{""Storage Type"":""Frozen""},{""Clearout Deal"":""No""},{""Lifestyle\/Dietary Need"":""""}]",https://i5.walmartimages.ca/images/Enlarge/159/886/6000203159886.jpg | https://i5.walmartimages.ca/images/Enlarge/160/618/6000203160618.jpg,2,Sold by Walmart,"Chicken, water, toasted wheat crumbs with spice extracts, soy protein product, modified corn starch, wheat flour, corn flour, wheat gluten, salt, baking powder, palm oil, defatted soy flour, onion powder, garlic powder, guar gum. Browned in vegetable oil.Contains: Wheat, Soy.",,Add to Cart; Find in Store,5,1,,
Walmart Canada,Frozen,Meatless Alternatives,walmart.ca,https://www.walmart.ca/en/ip/great-value-broccoli-cheese-stuffed-breaded-chicken-breast-cutlettes/6000201534429,,994 g,"Walmart.ca > Grocery > Frozen Food > Frozen Meat, Seafood & Alternatives > Frozen Chicken & Turkey",Great Value,Great Value Broccoli & Cheese Stuffed Breaded Chicken Breast Cutlettes,SKU:6000201534430,UPC:62773501275,ID:6000201534429,Walmart Item #:30806047,$9,,,,,"Cheesy, rich and with a little extra crunch, these Great Value Broccoli and Cheese Stuffed Breaded Chicken Cutlets are made with tender white meat and filled with nutritious broccoli and real cheddar cheese. A fantastic choice when you are looking for an easy and delicious meal option. Serve with a side salad, creamy mashed potato or your favourite roasted vegetable dish. Juicy, flavourful chicken in no time, just place in the oven, bake to perfection and enjoy!","-Made with tender white breast meat
-Made with real cheddar cheese
-Made in Canada","[{""Product Type"":""Other""},{""Cut"":""Other""},{""Storage Type"":""Frozen""},{""Walmart Exclusive"":""Yes""},{""Clearout Deal"":""No""},{""Lifestyle\/Dietary Need"":""""}]",https://i5.walmartimages.ca/images/Enlarge/224/255/6000202224255.jpg | https://i5.walmartimages.ca/images/Enlarge/224/256/6000202224256.jpg | https://i5.walmartimages.ca/images/Enlarge/224/256/6000202224256.jpg,3,Sold by Walmart,Ingredients:  Chicken breast meat • Toasted wheat crumbs • Water • Broccoli • Cheddar cheese • Canola oil • Soy protein isolate • Modified corn starch • Enriched wheat flour • Yellow corn flour •  Salt • Seasoning • Potassium Chloride • Baking powder • Defatted soy flour • Sugars (dextrose) • Milk ingredients • Dried egg white • Guar gum • Spices • Lemon juice concentrate.  Contains:  Milk • Eggs • Soy • Wheat.May contain:  Fish • Crustaceans • Shellfish • Sulphites,,Add to Cart; Find in Store,3.5,4,,
Walmart Canada,Frozen,Meatless Alternatives,walmart.ca,https://www.walmart.ca/en/ip/extra-lean-ground-chicken/6000201485006,,$10 XL Ground Chicken 4x1lb,"Walmart.ca > Grocery > Frozen Food > Frozen Meat, Seafood & Alternatives > Frozen Chicken & Turkey",Butchers Selection,Extra Lean Ground Chicken,SKU:6000201485007,UPC:82981093050,ID:6000201485006,Walmart Item #:30798032,$10,,,,$5.52/100GR,"Our frozen Extra Lean Ground Chicken is the healthy, nutritious choice for all your ground meat. Quick and easy to prepare, it is the perfect starter for so many recipes","Extra Lean ground
Frozen
Made in Canada
Packed 4 x 1 lb chubs for convenience
Cook thoroughly to an internal temperature of 165 F (74°
C). 
Cook Instructions on each package","[{""Cut"":""Ground""},{""Product Type"":""Chicken""},{""Singleserve"":""No""},{""Storage Type"":""Frozen""},{""Clearout Deal"":""No""},{""Lifestyle\/Dietary Need"":""No fish,No milk,No mustard,No sesame,No shellfish,No soy,No sulfite,No wheat,No lactose,No artificials,No added sugars,Paleo-friendly,Whole30-friendly""}]",https://i5.walmartimages.ca/images/Enlarge/800/634/6000201800634.jpg | https://i5.walmartimages.ca/images/Enlarge/815/588/6000201815588.jpg | https://i5.walmartimages.ca/images/Enlarge/811/073/6000201811073.jpg,3,Sold by Walmart,Chicken. May Contain: Egg.,"No fish,No milk,No mustard,No sesame,No shellfish,No soy,No sulfite,No wheat,No lactose,No artificials,No added sugars,Paleo-friendly,Whole30-friendly",Add to Cart; Find in Store,3,5,,
Walmart Canada,Frozen,Meatless Alternatives,walmart.ca,https://www.walmart.ca/en/ip/our-finest-ultimate-sirloin-beef-burger/6000021792047,,"8 x 142g, 1.13kg","Walmart.ca > Grocery > Frozen Food > Frozen Meat, Seafood & Alternatives > Frozen Beef",Our Finest,Our Finest Ultimate Sirloin Beef Burger,SKU:10050990,UPC:68113191307,ID:6000021792047,Walmart Item #:30134919,$12.97,,,,$1147.79/100GR,"Tender and succulent, these burgers are crafted from sirloin beef combined with the ideal seasoning blend to ensure every bite is juicy and flavourful. Our FinestTM –
premium quality ingredients and the best we have to offer from our table to yours.",,"[{""Cut"":""Burgers""},{""Product Type"":""Beef""},{""Storage Type"":""Frozen""},{""Walmart Exclusive"":""Yes""},{""Clearout Deal"":""No""},{""Lifestyle\/Dietary Need"":""No artificials,No added sugars,Paleo-friendly,Whole30-friendly""}]",https://i5.walmartimages.ca/images/Enlarge/913/072/681131913072.jpg | https://i5.walmartimages.ca/images/Enlarge/307/2_1/681131913072_1.jpg | https://i5.walmartimages.ca/images/Enlarge/72_/nft/681131913072_NFT.jpg | https://i5.walmartimages.ca/images/Enlarge/72_/nft/681131913072_NFT.jpg,4,Sold by Walmart,"Beef, water, sea salt, spices.","No artificials,No added sugars,Paleo-friendly,Whole30-friendly",Add to Cart; Find in Store,3.6,20,,1
Walmart Canada,Frozen,Pizzas,walmart.ca,https://www.walmart.ca/en/ip/dr-oetker-ristorante-pizza-speciale/6000001850842,,330 g,Walmart.ca > Grocery > Frozen Food > Frozen Pizza,Ristorante,Dr. Oetker Ristorante Pizza Speciale,SKU:10260254,UPC:5833617007,ID:6000001850842,Walmart Item #:9129512,$4.98,,,,$1.51/100GR,"This thin crust pizza with pepperoni, ham and mushrooms is a culinary feast. Mozzarella and edam cheeses and spicy herbs add to its full flavour.",,"[{""Product Type"":""Pepperoni""},{""Storage Type"":""Frozen""},{""Clearout Deal"":""No""},{""Lifestyle\/Dietary Need"":""No egg,No fish,No mustard,No sesame,No shellfish""}]",https://i5.walmartimages.ca/images/Enlarge/108/884/108884.jpg,1,Sold by Walmart,"Crust ENRICHED WHEAT FLOUR, WATER, SOYA OIL, YEAST, SALT, SUGAR Toppings PEPPERONI (PORK, SALT, SPICES, DEXTROSE, WATER, ONION POWDER, SPICE EXTRACTS, GARLIC POWDER, ASCORBIC ACID, SODIUM NITRITE, BACTERIAL CULTURE, SODIUM ASCORBATE, SMOKE), COOKED HAM (PORK, WATER, SALT, DEXTROSE, SODIUM PHOSPHATES, SMOKE FLAVOUR, SODIUM ASCORBATE, NATURAL FLAVOUR, SODIUM NITRITE), MUSHROOMS (SULPHITES), HERBS Sauce TOMATO PUREE, WATER, SUGAR, OLIVE OIL, SPICES AND HERBS, SALT, MODIFIED CORN STARCH, DEXTROSE, HYDROLYZED CORN PROTEIN, SOYA OIL, CARAMEL COLOUR Cheeses EDAM AND MOZZARELLA CHEESE (MILK, BACTERIAL CULTURE, SALT, MICROBIAL ENZYME, CALCIUM CHLORIDE) Contains: Wheat, Milk, Sulphites","No egg,No fish,No mustard,No sesame,No shellfish",Add to Cart; Find in Store,3.5,4,,
Walmart Canada,Frozen,Pizzas,walmart.ca,https://www.walmart.ca/en/ip/pillsbury-pizza-pops-pepperoni-bacon-pizza-snacks/6000016943790,,"8 pizza snacks, 800 g",Walmart.ca > Grocery > Frozen Food > Frozen Pizza,Pillsbury,Pillsbury Pizza Pops Pepperoni + Bacon Pizza Snacks,SKU:207446,UPC:6905226584,ID:6000016943790,Walmart Item #:30148340,$5.18,$3.97,,,$0.5/100GR,Golden Pillsbury Pizza Pops loaded with awesome stuff! Packed with pizza goodness for a serious way to satisfy everyone’s pizza craving! Perfect for a quick microwaveable office snack or baked in the oven for a crispy cafeteria treat!,"• The perfect after-school snack for kids!
• Canada’s Best Selling Pizza Snack!
• Try all 7 great flavours to meet all your pizza cravings
• Try our Crispy Crust for a bigger pizza meal!
• Box contains: 8 pizza snacks","[{""Product Type"":""Handhelds & Pockets""},{""Storage Type"":""Frozen""},{""Lifestyle\/Dietary Need"":""No egg,No fish,No sesame,No shellfish,No soy,No sulfite""}]",https://i5.walmartimages.ca/images/Enlarge/265/843/999999-69052265843.jpg | https://i5.walmartimages.ca/images/Enlarge/584/3_1/999999-69052265843_1.jpg | https://i5.walmartimages.ca/images/Enlarge/778/629/6000201778629.jpg | https://i5.walmartimages.ca/images/Enlarge/778/631/6000201778631.jpg | https://i5.walmartimages.ca/images/Enlarge/778/632/6000201778632.jpg | https://i5.walmartimages.ca/images/Enlarge/778/633/6000201778633.jpg | https://i5.walmartimages.ca/images/Enlarge/778/634/6000201778634.jpg | https://i5.walmartimages.ca/images/Enlarge/nft/_en/69052265843_NFT_EN.jpg | https://i5.walmartimages.ca/images/Enlarge/nft/_fr/69052265843_NFT_FR.jpg,9,Sold by Walmart,"ENRICHED WHEAT FLOUR, WATER, PIZZA TOPPING (WATER, PALM OIL, MODIFIED POTATO STARCH, RENNET CASEIN, MODIFIED CORN STARCH, SODIUM CITRATE, POTASSIUM CHLORIDE, LACTIC ACID, SODIUM ALUMINUM PHOSPHATE, SALT, SODIUM PHOSPHATE, CARRAGEENAN, NATURAL FLAVOUR [CONTAINS MODIFIED MILK INGREDIENTS], COLOUR), COOKED PEPPERONI CANOLA OIL, CONCENTRATED TOMATO PASTE, SUGAR, COOKED BACON, SALT, MODIFIED CORN STARCH, DEXTROSE, SODIUM STEAROYL-2-LACTYLATE, METHYLCELLULOSE, BAKING SODA, SODIUM ALUMINUM PHOSPHATE, SPICES, CITRIC ACID, HIGH MONOUNSATURATED CANOLA OIL, MONOCALCIUM PHOSPHATE, MALIC ACID, NATURAL FLAVOUR, GARLIC EXTRACT, GLUTAMIC ACID, AUTOLYZED YEAST EXTRACT, TOMATO POWDER, ONION EXTRACT, STEVIA EXTRACT. CONTAINS WHEAT AND MILK INGREDIENTS.","No egg,No fish,No sesame,No shellfish,No soy,No sulfite",Add to Cart; Find in Store,3,2,,
Walmart Canada,Frozen,Pizzas,walmart.ca,https://www.walmart.ca/en/ip/dr-oetker-casa-di-mama-deluxe-pizza/6000001851523,,410 g,Walmart.ca > Grocery > Frozen Food > Frozen Pizza,Dr.Oetker,Dr. Oetker Casa di Mama Deluxe Pizza,SKU:10260142,UPC:5833617302,ID:6000001851523,Walmart Item #:9138038,$4.98,,,,$1.21/100GR,"Dr. Oetker Casa Di Mama Deluxe Pizza is topped with a spiced tomato sauce and a delicious blend including pepperoni, brightly coloured peppers, red onions and mushrooms. 

Cooking Instructions: 
1. Ensure oven rack is in the middle position. Preheat oven to 450oF (230oC). Keep pizza frozen until ready to bake.
2. Remove pizza from packaging
3. Loosen the baking parchment and lift off together with the pizza from the cardboard
4. Place the pizza with parchment on a dark or non-shiny pizza pan
5. Bake for 14-16 minutes and until cheese is melted and crust is golden brown. 

NOTE: Individual oven cooking times may vary. CAUTION: Pizza will be very hot",Made in Canada,"[{""Product Type"":""Deluxe""},{""Storage Type"":""Frozen""},{""Clearout Deal"":""No""},{""Lifestyle\/Dietary Need"":""No egg,No fish,No sesame,No shellfish,No artificials""}]",https://i5.walmartimages.ca/images/Enlarge/759/131/6000199759131.jpg | https://i5.walmartimages.ca/images/Enlarge/144/558/6000204144558.jpg,2,Sold by Walmart,"Crust ENRICHED WHEAT FLOUR,  WATER, YEAST, MODIFIED PALM OIL, SALT, SUGAR, BARLEY MALT EXTRACT, MONOCALCIUM PHOSPHATE, BAKING SODA, ACETYLATED TARTARIC ACID ESTERS OF MONO AND DIGLYCERIDES, DICALCIUM PHOSPHATE, GUAR GUM, HYDROGENATED CANOLA OIL, CANOLA OIL, CALCIUM CITRATE, ASCORBIC ACID, PENTOSANASE, AMYLASE Toppings PEPPERONI (PORK, SALT, SPICES, DEXTROSE, WATER, ONION POWDER, SPICE EXTRACTS, GARLIC POWDER, ASCORBIC ACID, SODIUM NITRITE, BACTERIAL CULTURE, SODIUM ASCORBATE, SMOKE), GREEN, RED AND YELLOW BELL PEPPERS, MUSHROOMS (CONTAINS SULPHITES), RED ONIONS, HERBS Sauce TOMATO PUREE, WATER, SUGAR, OLIVE OIL, SALT, SPICES, MODIFIED CORN STARCH, GARLIC POWDER, SOYA OIL  Cheeses EDAM AND MOZZARELLA CHEESE (MILK,  BACTERIAL CULTURE, SALT, MICROBIAL ENZYME, CALCIUM CHLORIDE) CONTAINS: WHEAT, BARLEY, MILK, SULPHITES","No egg,No fish,No sesame,No shellfish,No artificials",Add to Cart; Find in Store,5,1,,
Walmart Canada,Frozen,Pizzas,walmart.ca,https://www.walmart.ca/en/ip/delissio-thin-crispy-crust-4-cheese-pizza-480-g/6000201002485,,480 GR,Walmart.ca > Grocery > Frozen Food > Frozen Pizza,Delissio,DELISSIO® Thin Crispy Crust 4 Cheese Pizza 480 g,SKU:6000201002486,UPC:7192100435,ID:6000201002485,Walmart Item #:30228663,$4.97,,,,$497/100GR,"We all know that crispiness is irresistible. So, why not have more of what we love? DELISSIO® Thin Crispy Crust 4 Cheese Pizza is crispier than ever – with its thin crust topped by a blend of part-skim mozzarella, parmesan, asiago, and romano cheeses. Each bite is packed with mouth-watering deliciousness and ooey-gooey cheesiness. Each square-shaped pizza is easy to slice and made with only high-quality ingredients, and no artificial flavours. You’re guaranteed to satisfy your perfect pizza craving every time you open the oven door. After all, IT’S NOT DELIVERY. IT’S DELISSIO®!","• Pizza covered in a delicious blend of 4 cheese toppings – part-skim mozzarella, parmesan, asiago, and romano – all on top of a thin, extra-crispy crust
• New crispier crust!
• Made with only high-quality ingredients
• Contains no artificial flavours, only pure tastiness
• Cooks great on the BBQ for a delicious summertime meal","[{""Product Type"":""Cheese""},{""Storage Type"":""Frozen""},{""Clearout Deal"":""No""},{""Lifestyle\/Dietary Need"":""""}]",https://i5.walmartimages.ca/images/Enlarge/058/553/6000201058553.jpg | https://i5.walmartimages.ca/images/Enlarge/058/554/6000201058554.jpg | https://i5.walmartimages.ca/images/Enlarge/058/555/6000201058555.jpg | https://i5.walmartimages.ca/images/Enlarge/058/556/6000201058556.jpg | https://i5.walmartimages.ca/images/Enlarge/918/453/6000203918453.jpg | https://i5.walmartimages.ca/images/Enlarge/058/557/6000201058557.jpg | https://i5.walmartimages.ca/images/Enlarge/058/557/6000201058557.jpg,7,Sold by Walmart,"Crust (Wheat Flour, Water, Modified Palm Oil, Toasted Wheat Crumbs, Corn Oil, Yeast, Salt, Sugar, Baking Soda, Sodium Aluminophosphate, Flavour, Carotene), Part-Skim Mozzarella, Parmesan, Asiago, And Romano Cheeses (Milk Ingredients, Bacterial Culture, Salt, Microbial Enzyme, Lipase, Cellulose), Sauce (Water, Tomato Paste, Corn Oil, Salt, Sugar, Spices, Herbs).",,Add to Cart; Find in Store,3.9,23,,
Walmart Canada,Frozen,Meatless Alternatives,walmart.ca,https://www.walmart.ca/en/ip/keg-steakhouse-bar-the-keg-steakhouse-bar-prime-rib-beef-burgers/6000187820484,,"6 x 170 g, 1.02 kg","Walmart.ca > Grocery > Frozen Food > Frozen Meat, Seafood & Alternatives > Frozen Beef",Keg Steakhouse & Bar,Keg Steakhouse & Bar The Keg Steakhouse bar Prime Rib Beef Burgers,SKU:6000187820485,UPC:69567600600,ID:6000187820484,Walmart Item #:9314974,$15.97,,,,$0.02/1GR,"Keg Prime Burgers with no artificial flavors or colors are flavorful and delicious hamburger Keg restaurant style. Enjoy one of The Keg’s signature dishes at home with our juicy, slow roasted Prime Rib Burgers and Sliders.",,"[{""Cut"":""Burgers""},{""Product Type"":""Beef""},{""Storage Type"":""Frozen""},{""Clearout Deal"":""No""},{""Lifestyle\/Dietary Need"":""No egg,No fish,No sesame,No shellfish,No sulfite,No lactose,No artificials,No added sugars""}]",https://i5.walmartimages.ca/images/Enlarge/006/007/999999-695676006007.jpg | https://i5.walmartimages.ca/images/Enlarge/600/7_1/999999-695676006007_1.jpg | https://i5.walmartimages.ca/images/Enlarge/600/7_2/999999-695676006007_2.jpg | https://i5.walmartimages.ca/images/Enlarge/664/616/6000199664616.jpg | https://i5.walmartimages.ca/images/Enlarge/664/613/6000199664613.jpg | https://i5.walmartimages.ca/images/Enlarge/664/614/6000199664614.jpg | https://i5.walmartimages.ca/images/Enlarge/664/611/6000199664611.jpg | https://i5.walmartimages.ca/images/Enlarge/664/615/6000199664615.jpg | https://i5.walmartimages.ca/images/Enlarge/664/612/6000199664612.jpg | https://i5.walmartimages.ca/images/Enlarge/600/7_2/999999-695676006007_2.jpg | https://i5.walmartimages.ca/images/Enlarge/600/7_2/999999-695676006007_2.jpg,11,Sold by Walmart,"BEEF, WATER, FLAVOUR, SALT, SPICE, SPICE EXTRACT, CANOLA OIL","No egg,No fish,No sesame,No shellfish,No sulfite,No lactose,No artificials,No added sugars",Add to Cart; Find in Store,4,31,,5
Walmart Canada,Frozen,Pizzas,walmart.ca,https://www.walmart.ca/en/ip/great-value-rising-crust-pepperoni-pizza/6000199766467,,640 g,Walmart.ca > Grocery > Frozen Food > Frozen Pizza,Great Value,Great Value Rising Crust Pepperoni Pizza,SKU:6000199766468,UPC:62891582905,ID:6000199766467,Walmart Item #:30042005,$3.97,,,,$0.62/100GR,"Delicious flavour is baked in to every slice of Great Value Rising Crust Pepperoni Pizza. Easy to prepare and made to enjoy, this rising crust pizza is topped with an incredible combination of toppings that include an Italian-style tomato sauce, mozzarella cheese and pepperoni. Pizza night has never been so easy!","• Mozzarella cheese & pepperoni
• Cook time: 20 minutes
• Made in Canada from domestic and imported ingredients
• Free from artificial flavours and colours","[{""Product Type"":""Pepperoni""},{""Storage Type"":""Frozen""},{""Walmart Exclusive"":""Yes""},{""Clearout Deal"":""No""},{""Lifestyle\/Dietary Need"":""No artificials""}]",https://i5.walmartimages.ca/images/Enlarge/800/326/6000199800326.jpg | https://i5.walmartimages.ca/images/Enlarge/905/1_1/628915829051_1.jpg | https://i5.walmartimages.ca/images/Enlarge/51_/nft/628915829051_NFT.jpg,3,Sold by Walmart,"Crust: enriched wheat flour, water, sugar, yeast, soybean oil, corn meal, salt, baking soda, sodium aluminium phosphate, dough conditioners (wheat flour, dextrose, acetyl tartaric acid esters of mono- and diglycerides, soybean oil, ascorbic acid, enzymes, l cysteine). Toppings: mozzarella cheese (part skim milk, bacterial culture, salt, calcium chloride, microbial enzyme), pepperoni (pork, beef, salt, dextrose, lactic acid starter culture, mustard, spice extractives, sodium erythorbate, natural smoke flavour, dehydrated garlic, sodium nitrite, citric acid). Sauce: (water, tomato paste, tomato purée, extra virgin olive oil, sugar, spice, salt, garlic, parsley, basil, modified corn starch), powdered cellulose.Contains: milk, soy, wheat, mustard.",No artificials,Add to Cart; Find in Store,5,1,,
Walmart Canada,Frozen,Pizzas,walmart.ca,https://www.walmart.ca/en/ip/delissio-thin-crispy-crust-deluxe-pizza-550-g/6000200999035,,550 GR,Walmart.ca > Grocery > Frozen Food > Frozen Pizza,Delissio,DELISSIO® Thin Crispy Crust Deluxe Pizza 550 g,SKU:6000200999036,UPC:7192100438,ID:6000200999035,Walmart Item #:30228699,$4.97,,,,$497/100GR,"We all know that crispiness is irresistible. So, why not have more of what we love? DELISSIO® Thin Crispy Crust Deluxe Pizza is crispier than ever – with its thin crust topped by a diverse blend of Italian sausage, pepperoni, roasted bell peppers, onions, and creamy part-skim mozzarella. Each bite is packed with mouth-watering deliciousness and ooey-gooey cheesiness. Each square-shaped pizza is easy to slice and made with only high-quality ingredients, and no artificial flavours. You’re guaranteed to satisfy your perfect pizza craving every time you open the oven door. After all, IT’S NOT DELIVERY. IT’S DELISSIO®!","• Pizza covered in a diverse blend of toppings – Italian sausage, pepperoni, roasted bell peppers, and onions – all on top of a thin, extra-crispy crust
• New crispier crust!
• Made with only high-quality ingredients
• Contains no artificial flavours, only pure tastiness
• Cooks great on the BBQ for a delicious summertime meal","[{""Product Type"":""Deluxe""},{""Storage Type"":""Frozen""},{""Clearout Deal"":""No""},{""Lifestyle\/Dietary Need"":""""}]",https://i5.walmartimages.ca/images/Enlarge/058/569/6000201058569.jpg | https://i5.walmartimages.ca/images/Enlarge/058/570/6000201058570.jpg | https://i5.walmartimages.ca/images/Enlarge/058/571/6000201058571.jpg | https://i5.walmartimages.ca/images/Enlarge/058/572/6000201058572.jpg | https://i5.walmartimages.ca/images/Enlarge/918/443/6000203918443.jpg | https://i5.walmartimages.ca/images/Enlarge/058/573/6000201058573.jpg | https://i5.walmartimages.ca/images/Enlarge/058/573/6000201058573.jpg,7,Sold by Walmart,"Crust (Wheat Flour, Water, Modified Palm Oil, Toasted Wheat Crumbs, Corn Oil, Yeast, Salt, Sugar, Baking Soda, Sodium Aluminophosphate, Flavour, Carotene), Sauce (Water, Tomato Paste, Corn Oil, Salt, Sugar, Spices, Herbs), Part-Skim Mozzarella Cheese (Partly Skimmed Milk, Bacterial Culture, Salt, Microbial Enzyme), Vegetables (Red, Green, And Yellow Bell Peppers, Onion), Pepperoni (Pork, Salt, Sugars [Dextrose], Bacterial Culture, Pork Stock, Garlic Powder, Sodium Nitrite, Sodium Ascorbate, Citric Acid, Smoke Flavour, Flavour, Spices [Mustard]), Cooked Italian Sausage (Pork, Water, Textured Soy Protein, Salt, Sugar, Soya Oil, Pork Fat, Sodium Phosphate, Spices, Flavour).",,Add to Cart; Find in Store,4.8,16,,
Walmart Canada,Drinks,Coffee,walmart.ca,https://www.walmart.ca/en/ip/folgers-hazelnut-cream-k-cup-coffee-pods-12-count/6000198399053,,"12 K-Cup Pods, 108 g",Walmart.ca > Household Supplies & Pantry > Drinks > Coffee > Coffee Pods,Folgers,Folgers Hazelnut Cream K-Cup Coffee Pods 12 Count,SKU:6000198399054,UPC:2550021211,ID:6000198399053,Walmart Item #:31560001,$7.94,,,,$7.35/100GR,"Folgers Hazelnut K-Cup Coffee is velvety-smooth with rich, nutty highlights. This blend is a simple indulgence, perfect any time of day. Certified for Keurig K-Cup coffee brewers. Folgers is an iconic brand that has been brewing great-tasting coffee for over 165 years. Savour the fresh aroma of a perfectly brewed cup of Folgers Coffee.","• Light Roast coffee with rich, nutty highlights 
• Made with 100% Arabica coffee beans
• Now in recyclable Keurig K-Cup pods!
• Velvety-smooth flavour that is perfect for any time of day
• Folgers is an iconic brand that has been brewing great-tasting coffee for over 165 years","[{""Product Type"":""Light Roast""},{""Decaffeinated"":""No""},{""Singleserve"":""No""},{""Storage Type"":""Shelf""},{""Walmart Exclusive"":""No""},{""Clearout Deal"":""No""},{""Lifestyle\/Dietary Need"":""No egg,No fish,No milk,No mustard,No sesame,No shellfish,No soy,No sulfite,No wheat,No lactose,Kosher,No added sugars,Vegan-friendly,Vegetarian-friendly""}]",https://i5.walmartimages.ca/images/Enlarge/022/484/6000203022484.jpg | https://i5.walmartimages.ca/images/Enlarge/022/433/6000203022433.jpg | https://i5.walmartimages.ca/images/Enlarge/416/992/6000198416992.jpg | https://i5.walmartimages.ca/images/Enlarge/788/120/6000198788120.jpg,4,Sold by Walmart,"COFFEE, ARTIFICIAL FLAVOUR.","No egg,No fish,No milk,No mustard,No sesame,No shellfish,No soy,No sulfite,No wheat,No lactose,Kosher,No added sugars,Vegan-friendly,Vegetarian-friendly",Add to Cart; Find in Store,3,2,,
Walmart Canada,Drinks,Coffee,walmart.ca,https://www.walmart.ca/en/ip/keurig-donut-house-collection-donut-housecoffee-light-roast-recyclable-k-cup-pods/6000195026834,,Box of 30 K-Cup® pods,Walmart.ca > Household Supplies & Pantry > Drinks > Coffee > Coffee Pods,Donut House Collection,Keurig® Donut House Collection® Donut House®Coffee Light Roast Recyclable K-Cup® PODS,SKU:6000195026835,UPC:66344755730,ID:6000195026834,Walmart Item #:30294367,$14.97,,,,$0.5/1EA,"Donut House® Coffee feels familiar from the very first sip. The easy-going, bold, dependable cup you enjoy every day. All coffee & No crumbs.",,"[{""Product Type"":""Light Roast""},{""Decaffeinated"":""No""},{""Singleserve"":""No""},{""Franchise"":""Donut Shop""},{""Storage Type"":""Shelf""},{""Clearout Deal"":""No""},{""Lifestyle\/Dietary Need"":""No egg,No fish,No milk,No mustard,No sesame,No shellfish,No soy,No sulfite,No wheat,No lactose,No artificials,No added sugars,Paleo-friendly,Vegan-friendly,Vegetarian-friendly,Whole30-friendly""}]",https://i5.walmartimages.ca/images/Enlarge/635/218/6000199635218.jpg | https://i5.walmartimages.ca/images/Enlarge/465/446/6000198465446.jpg | https://i5.walmartimages.ca/images/Enlarge/465/447/6000198465447.jpg | https://i5.walmartimages.ca/images/Enlarge/279/048/6000200279048.jpg | https://i5.walmartimages.ca/images/Enlarge/279/150/6000200279150.jpg,5,Sold by Walmart,Coffee,"No egg,No fish,No milk,No mustard,No sesame,No shellfish,No soy,No sulfite,No wheat,No lactose,No artificials,No added sugars,Paleo-friendly,Vegan-friendly,Vegetarian-friendly,Whole30-friendly",Add to Cart; Find in Store,4.4,24,,
Walmart Canada,Frozen,Meatless Alternatives,walmart.ca,https://www.walmart.ca/en/ip/great-value-breaded-chicken-burgers/6000199545607,,15 burgers (1.5 kg),"Walmart.ca > Grocery > Frozen Food > Frozen Meat, Seafood & Alternatives > Frozen Chicken & Turkey",Great Value,Great Value Breaded Chicken Burgers,SKU:6000199545608,"UPC:62891522495"",""62891566964",ID:6000199545607,Walmart Item #:31166469,$8.97,,,,$0.01/1GR,"Great Value Breaded Chicken Burgers, fully cooked and made with white meat. Free from artificial flavours and colours.","• Improved recipe
• Value size
• Made with white meat
• Fully cooked","[{""Product Type"":""Other""},{""Cut"":""Burgers""},{""Storage Type"":""Frozen""},{""Walmart Exclusive"":""Yes""},{""Clearout Deal"":""No""},{""Lifestyle\/Dietary Need"":""""}]",https://i5.walmartimages.ca/images/Enlarge/669/640/628915669640.jpg | https://i5.walmartimages.ca/images/Enlarge/964/0_1/628915669640_1.jpg,2,Sold by Walmart,"Chicken, water,toasted wheat crumbs with spices,toasted wheat crumbs, modified corn starch, soybean oil, enriched wheat flour, soy protein isolate,yellow corn flour, spices, potassium chloride, salt, wheat gluten, onion powder, baking powder, garlic powder,yeast extract, guar gum, sugar, flavour, vegetable oil (canola and/or sunflower), silicon dioxide. Contains: soy, wheat. May contain: sesame, milk, eggs, fish, mustard, sulphites.",,Add to Cart; Find in Store,5,1,,
Walmart Canada,Frozen,Meatless Alternatives,walmart.ca,https://www.walmart.ca/en/ip/zabiha-halal-chicken-nuggets/6000200074575,,800g,Walmart.ca > Grocery > Seasonal Holidays > Celebrate Ramadan & Eid > Ramadan & Eid Meals,Zabiha Halal,Zabiha Halal Chicken Nuggets,SKU:6000200074576,UPC:6771400791,ID:6000200074575,Walmart Item #:30930986,$9.97,,,,,"These nuggets are an excellent treat for the young, and the young at heart! They go great with all your favourite dips and condiments - so don't be afraid to experiment!",,"[{""Cut"":""Nuggets & Bites""},{""Product Type"":""Chicken""},{""Storage Type"":""Frozen""},{""Clearout Deal"":""No""},{""Lifestyle\/Dietary Need"":""""}]",https://i5.walmartimages.ca/images/Enlarge/801/446/6000202801446.jpg,1,Sold by Walmart,"Chicken, Water, Toasted wheat crumbs, Soy protein isolate, Salt, Dextrose, Garlic powder, Onion powder, Spices. Batter and breading: Toasted wheat crumbs with spices, Water, Canola oil, Yellow corn flour, Wheat flour, Modified corn starch, Soy protein isolate, Salt, Baking powder, Canola and/or palm and/or palm kernel oil shortening, Defatted soy flour, Guar gum. Contains soy and wheat. May contain egg and milk.",,Add to Cart; Find in Store,5,3,,
Walmart Canada,Drinks,Soft Drinks/Sodas,walmart.ca,https://www.walmart.ca/en/ip/dr-pepper-12-x-355-ml-cans/6000188741885,,12x355mL,Walmart.ca > Household Supplies & Pantry > Drinks > Soft Drinks > Other Soft Drinks,Dr. Pepper,"Dr. Pepper, 12 x 355 mL cans",SKU:6000188741886,UPC:5490003007,ID:6000188741885,Walmart Item #:9239142,$5.47,,,,$0.13/100ML,"There’s nothing like the great taste of Dr. Pepper*. For over 125 years, its signature blend of 23 flavours makes every sip truly unique. This 12-pack of 355 mL cans gives Dr Pepper* fans more of the refreshing flavour they crave.","• 12 x 355 mL cans of One-of-a-Kind flavour
• 12 x 355 mL cans
• Signature blend of 23 flavours
• A flavour favourite for over 125 years
• Always an original","[{""Flavour"":""Cola""},{""Singleserve"":""No""},{""Storage Type"":""Shelf""},{""Clearout Deal"":""No""},{""Lifestyle\/Dietary Need"":""No egg,No fish,No milk,No mustard,No sesame,No shellfish,No soy,No sulfite,No wheat,No lactose,Vegan-friendly,Vegetarian-friendly""}]",https://i5.walmartimages.ca/images/Enlarge/300/839/6000202300839.jpg | https://i5.walmartimages.ca/images/Enlarge/374/307/6000203374307.jpg | https://i5.walmartimages.ca/images/Enlarge/374/308/6000203374308.jpg | https://i5.walmartimages.ca/images/Enlarge/70_/nft/54900030070_NFT.jpg | https://i5.walmartimages.ca/images/Enlarge/70_/nft/54900030070_NFT.jpg,5,Sold by Walmart,"CARBONATED WATER, SUGAR/GLUCOSE-FRUCTOSE, COLOUR, PHOSPHORIC ACID, NATURAL AND ARTIFICIAL FLAVOUR, SODIUM BENZOATE, CAFFEINE.","No egg,No fish,No milk,No mustard,No sesame,No shellfish,No soy,No sulfite,No wheat,No lactose,Vegan-friendly,Vegetarian-friendly",Add to Cart; Find in Store,4.8,280,,
Walmart Canada,Frozen,Pizzas,walmart.ca,https://www.walmart.ca/en/ip/dr-oetker-giuseppe-pizzeria-easy-pizzi-3-cheese-pizza/6000202673274,,560g,Walmart.ca > Grocery > Frozen Food > Frozen Pizza,Dr.Oetker,Dr. Oetker Giuseppe Pizzeria Easy Pizzi 3 Cheese Pizza,SKU:6000202673275,UPC:5833685122,ID:6000202673274,Walmart Item #:31158636,$5.97,,,,$199/100GR,"r. Oetker Giuseppe Pizzeria Easy Pizzi 3 Cheese is a rectangle shape snack pizza that's easy to eat! Made with a pizzeria inspired tomato sauce and topped with mozzarella, cheddar and monteray jack cheese.
• Topped with mozzarella, cheddar and Monterey Jack cheese
• Rectangle shape snack pizza that’s easy to eat!
• Cook Time: 10-12 minutes",Vegetarian,"[{""Product Type"":""Cheese""},{""Storage Type"":""Frozen""},{""Clearout Deal"":""No""},{""Lifestyle\/Dietary Need"":""No egg,No fish,No mustard,No sesame,No shellfish,No sulfite,No artificials,Vegetarian-friendly""}]",https://i5.walmartimages.ca/images/Enlarge/799/272/6000202799272.jpg,1,Sold by Walmart,"Enriched wheat flour (barley), Water, Part skim mozzarella cheese (partly skimmed milk, bacterial culture, salt, microbial enzyme), Tomato paste, Cheddar cheese (milk, bacterial culture, salt, microbial enzyme, calcium chloride, annatto), Sugar, Monterey Jack cheese (milk, bacterial culture, salt, microbial enzyme), Soya oil, Salt, Yeast, Corn starch, Spices and herbs, Garlic powder, Natural flavour. Contains: Wheat, Barley, Milk.","No egg,No fish,No mustard,No sesame,No shellfish,No sulfite,No artificials,Vegetarian-friendly",Add to Cart; Find in Store,1,1,,1
Walmart Canada,Frozen,Pizzas,walmart.ca,https://www.walmart.ca/en/ip/dr-oetker-giuseppe-pizzeria-easy-pizzi-pepperoni-pizza/6000202673271,,573g,Walmart.ca > Grocery > Frozen Food > Frozen Pizza,Dr.Oetker,Dr. Oetker Giuseppe Pizzeria Easy Pizzi Pepperoni Pizza,SKU:6000202673272,UPC:5833685112,ID:6000202673271,Walmart Item #:31158635,$5.97,,,,$199/100GR,"Dr. Oetker Giuseppe Pizzeria Easy Pizzi Pepperoni is a rectangle shape snack pizza that's easy to eat! Made with a pizzeria inspired tomato sauce and topped with mouthwatering Pepperoni.
• Topped with pepperoni
• Rectangle shape snack pizza that’s easy to eat!
• Cook Time: 10-12 minutes",,"[{""Product Type"":""Pepperoni""},{""Storage Type"":""Frozen""},{""Clearout Deal"":""No""},{""Lifestyle\/Dietary Need"":""No egg,No fish,No mustard,No sesame,No shellfish,No sulfite,No artificials""}]",https://i5.walmartimages.ca/images/Enlarge/799/270/6000202799270.jpg,1,Sold by Walmart,"Enriched wheat flour (barley), Water, Part skim mozzarella cheese (partly skimmed milk, bacterial culture, salt, microbial enzyme), Pepperoni, Tomato paste, Sugar, Soya oil, Salt, Yeast, Corn starch, Spices and herbs, Garlic powder, Natural flavour. Contains: Wheat, Barley, Milk.","No egg,No fish,No mustard,No sesame,No shellfish,No sulfite,No artificials",Add to Cart; Find in Store,5,1,,
Walmart Canada,Frozen,Meatless Alternatives,walmart.ca,https://www.walmart.ca/en/ip/deli-express-chicken-breast-nuggets/6000202763022,,560 g,"Walmart.ca > Grocery > Frozen Food > Frozen Meat, Seafood & Alternatives > Frozen Chicken & Turkey",Deli Express,Deli Express Chicken Breast Nuggets,SKU:6000202763023,UPC:6310028657,ID:6000202763022,Walmart Item #:31181669,$5.97,,,,$1.09/100GR,"Bring irresistible flavour to your dinner table with Deli Express® Chicken Breast Nuggets. Made with our quality cuts of white meat chicken, these fully cooked chicken nuggets are ready to eat in just 20 minutes. An ideal choice for a tasty at-home meal addition or snack. Deli Express® is part of the Maple Leaf Foods family of brands.","FAMILY FAVOURITE: Fully cooked chicken nuggets are a quick, delicious meal or snack that are ready in just 20 minutes
QUALITY CUTS: Only our quality cuts of chicken breast are used to create these breaded chicken nuggets
GOOD SOURCE OF PROTEIN: Contains 9g of protein per serving
PROUDLY CANADIAN BRAND: Deli Express® is part of the Maple Leaf Foods family of brands","[{""Product Type"":""Other""},{""Storage Type"":""Frozen""},{""Clearout Deal"":""No""},{""Lifestyle\/Dietary Need"":""""}]",https://i5.walmartimages.ca/images/Enlarge/160/295/6000203160295.jpg | https://i5.walmartimages.ca/images/Enlarge/160/616/6000203160616.jpg,2,Sold by Walmart,"Chicken, water, toasted wheat crumbs with spice extracts, soy protein product, modified corn starch, wheat flour, corn flour, wheat gluten, salt, baking powder, palm oil, defatted soy flour, onion powder, garlic powder, guar gum. Browned in vegetable oil.Contains: wheat, soy.At Walmart Canada, we always strive to make sure the information about the products we sell is always as accurate as possible. However, because products are regularly improved, the product information, ingredients, nutritional guides and dietary or allergy advice may occasionally change.As a result, we recommend that you always read the label carefully before using or consuming any products. Please do not solely rely on the information provided on this website. Walmart Canada does not accept any liability for any inaccuracies or incorrect information contained on this website.",,Add to Cart; Find in Store,0,,,
Walmart Canada,Frozen,Meatless Alternatives,walmart.ca,https://www.walmart.ca/en/ip/great-value-original-crispy-chicken-wings/6000201934145,,850 g,"Walmart.ca > Grocery > Frozen Food > Frozen Meat, Seafood & Alternatives > Frozen Chicken & Turkey",Great Value,Great Value Original Crispy Chicken Wings,SKU:6000201934146,UPC:62773501418,ID:6000201934145,Walmart Item #:30936959,$9.97,,,,$1.17/100GR,"Any night is wing night with Great Value Original Crispy Chicken Wings. These crispy, lightly coated winglets and drumettes are ready to enjoy in 30 minutes. Just heat, serve, dip and devour – each box includes Buttermilk Ranch dipping sauce.","- Seasoned and pre-cooked
- Includes Buttermilk Ranch dipping sauce
- Made in Canada","[{""Product Type"":""Wings""},{""Storage Type"":""Frozen""},{""Walmart Exclusive"":""Yes""},{""Clearout Deal"":""No""},{""Lifestyle\/Dietary Need"":""No artificials""}]",https://i5.walmartimages.ca/images/Enlarge/739/123/6000202739123.jpg | https://i5.walmartimages.ca/images/Enlarge/739/124/6000202739124.jpg | https://i5.walmartimages.ca/images/Enlarge/739/118/6000202739118.jpg | https://i5.walmartimages.ca/images/Enlarge/739/081/6000202739081.jpg | https://i5.walmartimages.ca/images/Enlarge/739/081/6000202739081.jpg,5,Sold by Walmart,"Chicken wings: Chicken wings (winglets and drumettes), Water, Enriched wheat flour, Canola oil, Rice starch, Modified corn starch, Salt, Sodium phosphate, Natural flavour, Baking powder, Sugars (dextrose), Guar gum. Buttermilk ranch sauce: Water, Soybean oil, Buttermilk (partly skim milk, salt, bacterial culture, vitamin A palmitate, vitamin D3), Modified milk ingredients, Sugar, Frozen egg yolk, Modified corn starch, Salt, Mustard, Garlic, Onion powder, Canola oil, Seasoning, Spices, Herbs, Natural flavour, Soy lecithin, Polysorbate 60, Xanthan gum, Cellulose gum, Lactic acid, Citric acid, Potassium sorbate, Sodium benzoate. Contains: Milk, Eggs, Soy, Wheat, Mustard.",No artificials,Add to Cart; Find in Store,4,4,,
Walmart Canada,Frozen,Pizzas,walmart.ca,https://www.walmart.ca/en/ip/mccain-classic-pepperoni-pizza-pockets-12-pack/6000202977817,,1.2kg,Walmart.ca > Grocery > Frozen Food > Frozen Appetizers & Snacks,McCain,McCain Classic Pepperoni Pizza Pockets 12 Pack,SKU:6000202977818,UPC:5577300463,ID:6000202977817,Walmart Item #:31259903,$11.67,,,,$972.5/100GR,"McCain Pepperoni Pizza Pockets are made with real mozzarella, tangy pizza sauce and pepperoni for a quick and tasty baked snack your entire family will love. Pizza Pockets are a delicious after school pizza snack, great for when hunger strikes. Pizza Pockets are quick and easy to prepare. Cook from frozen in the microwave or oven. See full details on packaging.

• Made with real cheese and pepperoni
• Ready in 90 seconds
• Baked, not fried
• No artificial colours or flavours",,"[{""Singleserve"":""No""},{""Storage Type"":""Frozen""},{""Product Type"":""Handhelds & Pockets""},{""Batteries Included"":""N""},{""Clearout Deal"":""No""},{""Lifestyle\/Dietary Need"":""""}]",https://i5.walmartimages.com/asr/1f499025-995c-4323-af4b-78f75a5a3669.c99ab1bee64f0376581b1ca386e60e01.jpeg?odnHeight=2000&odnWidth=2000&odnBg=ffffff | https://i5.walmartimages.com/asr/b21b5d69-a1fe-40f5-b268-97d9de35eaed.ea3c4971a002bde0db69502d7f331759.jpeg?odnHeight=2000&odnWidth=2000&odnBg=ffffff,2,Sold by Walmart,Crust: Wheat Flour,,Add to Cart; Find in Store,0,,,
Walmart Canada,Frozen,Pizzas,walmart.ca,https://www.walmart.ca/en/ip/pillsbury-pizza-pops-deluxe-pizza-snacks/6000191367371,,"4 pizza snacks, 400 g",Walmart.ca > Grocery > Frozen Food > Frozen Pizza,Pillsbury,Pillsbury Pizza Pops Deluxe Pizza Snacks,SKU:6000191367372,UPC:6905220429,ID:6000191367371,Walmart Item #:9123415,$2.64,,,,$0.66/100GR,Golden Pillsbury Pizza Pops loaded with awesome stuff! Packed with pizza goodness for a serious way to satisfy everyone’s pizza craving! Perfect for a quick microwaveable office snack or baked in the oven for a crispy cafeteria treat!,"• Canada’s Best Selling Pizza Snack!
• Try all 7 great flavours to meet all your pizza cravings
• Try our Crispy Crust for a bigger pizza meal!","[{""Product Type"":""Handhelds & Pockets""},{""Storage Type"":""Frozen""},{""Lifestyle\/Dietary Need"":""No egg,No fish,No sesame,No shellfish,No soy,No sulfite""}]",https://i5.walmartimages.ca/images/Enlarge/204/293/999999-69052204293.jpg | https://i5.walmartimages.ca/images/Enlarge/197/224/6000199197224.jpg | https://i5.walmartimages.ca/images/Enlarge/778/316/6000201778316.jpg | https://i5.walmartimages.ca/images/Enlarge/778/319/6000201778319.jpg | https://i5.walmartimages.ca/images/Enlarge/778/321/6000201778321.jpg | https://i5.walmartimages.ca/images/Enlarge/778/331/6000201778331.jpg,6,Sold by Walmart,"ENRICHED WHEAT FLOUR, WATER, PIZZA TOPPING (WATER, PALM OIL, MODIFIED POTATO STARCH, RENNET CASEIN, MODIFIED CORN STARCH, SODIUM CITRATE, POTASSIUM CHLORIDE, LACTIC ACID, SODIUM ALUMINUM PHOSPHATE, SALT, SODIUM PHOSPHATE, CARRAGEENAN, NATURAL FLAVOUR [CONTAINS MODIFIED MILK INGREDIENTS], COLOUR), COOKED PEPPERONI, CANOLA OIL, CONCENTRATED TOMATO PASTE, GREEN SWEET PEPPERS, SUGAR, MUSHROOMS (CONTAIN CITRIC ACID), SALT, MODIFIED CORN STARCH, DEXTROSE, SODIUM STEAROYL-2-LACTYLATE, BAKING SODA, METHYLCELLULOSE, SODIUM ALUMINUM PHOSPHATE, SPICES, CITRIC ACID, HIGH MONOUNSATURATED CANOLA OIL, MONOCALCIUM PHOSPHATE, MALIC ACID, NATURAL FLAVOUR, GARLIC EXTRACT, GLUTAMIC ACID, AUTOLYZED YEAST EXTRACT, TOMATO POWDER, ONION EXTRACT, STEVIA EXTRACT. CONTAINS WHEAT AND MILK INGREDIENTS.","No egg,No fish,No sesame,No shellfish,No soy,No sulfite",Add to Cart; Find in Store,2,7,,
Walmart Canada,Frozen,Meatless Alternatives,walmart.ca,https://www.walmart.ca/en/ip/great-value-cheese-beef-burgers/6000199282019,,8 x 113 g,"Walmart.ca > Grocery > Frozen Food > Frozen Meat, Seafood & Alternatives > Frozen Beef",Great Value,Great Value Cheese Beef Burgers,SKU:6000199282020,UPC:62891582528,ID:6000199282019,Walmart Item #:30026284,$10.97,,,,$1.21/100GR,Great Value Cheese Beef Burgers,"Made with simple ingredients, Great Value Cheese Beef Burgers are exquisitely tender, simply seasoned and full of fabulous flavour. Ready for grilling, these burgers can be paired with an array of gourmet toppings or enjoyed simply with classic condiments. Any way you dress them, they are sure to impress.

• Made with real cheese
• Uncooked
• Keep frozen
• Made in Canada
• From domestic and imported ingredients","[{""Cut"":""Burgers""},{""Product Type"":""Beef""},{""Storage Type"":""Frozen""},{""Walmart Exclusive"":""Yes""},{""Clearout Deal"":""No""},{""Lifestyle\/Dietary Need"":""Made in Canada""}]",https://i5.walmartimages.ca/images/Enlarge/825/282/628915825282.jpg | https://i5.walmartimages.ca/images/Enlarge/528/2_1/628915825282_1.jpg,2,Sold by Walmart,Cheese beef burgers,Made in Canada,Add to Cart; Find in Store,2.4,7,,
Walmart Canada,Frozen,Pizzas,walmart.ca,https://www.walmart.ca/en/ip/great-value-spinach-thin-crust-pizza/6000199790968,,410 g,Walmart.ca > Grocery > Frozen Food > Frozen Pizza,Great Value,Great Value Spinach Thin Crust Pizza,SKU:6000199790969,UPC:62891583141,ID:6000199790968,Walmart Item #:31671004,$3.27,,,,$327/100GR,Great Value Spinach Thin Crust Pizza,"• Cook throughly
• Free from artificial flavours and colours
• Made with spinach, mozarella and EDAM cheese and garlic spread
• Keep frozen
• Cook time : 13 minutes
• Made in Canada from domestic and imported ingredients","[{""Product Type"":""Vegetarian""},{""Singleserve"":""Yes""},{""Storage Type"":""Frozen""},{""Walmart Exclusive"":""Yes""},{""Lifestyle\/Dietary Need"":""No artificials,Vegetarian-friendly""}]",https://i5.walmartimages.ca/images/Enlarge/831/412/628915831412.jpg,1,Sold by Walmart,Pizza,"No artificials,Vegetarian-friendly",Add to Cart; Find in Store,4,2,,
Walmart Canada,Frozen,Meatless Alternatives,walmart.ca,https://www.walmart.ca/en/ip/morningstar-farms-spicy-black-bean-veggie-burger-268g/6000199459393,,"268g, 4 count","Walmart.ca > Grocery > Frozen Food > Frozen Meat, Seafood & Alternatives > Frozen Plant-based Proteins",MorningStar Farms,"Morningstar Farms, Spicy Black Bean Veggie Burger, 268g",SKU:6000199459394,UPC:6410012886,ID:6000199459393,Walmart Item #:30635186,$4.97,,,,$1.85/100GR,Add some variety to burger night with the new MorningStar Farms Spicy Black Bean veggie burger! It’s perfect for spicing up any meal.,"Per 1 veggie burger (67 g):
• Made with plant based ingredients
• High source of fibre
• Low saturated fat
• Trans fat free
• No artificial flavours or colours
• Source of 10 essential nutrients
• 8 g of whole grain per 67 g serving
• 130 calories","[{""Cut"":""Burgers""},{""Product Type"":""Other""},{""Storage Type"":""Frozen""},{""Lifestyle\/Dietary Need"":""No fish,No mustard,No sesame,No shellfish,No sulfite,No artificials,Kosher,Vegetarian-friendly""}]",https://i5.walmartimages.ca/images/Enlarge/479/614/6000199479614.jpg | https://i5.walmartimages.ca/images/Enlarge/482/666/6000199482666.jpg | https://i5.walmartimages.ca/images/Enlarge/482/667/6000199482667.jpg | https://i5.walmartimages.ca/images/Enlarge/482/668/6000199482668.jpg,4,Sold by Walmart,"WATER, COOKED BLACK BEANS (BLACK BEANS, WATER), COOKED BROWN RICE (WATER, BROWN RICE), ONION, VEGETABLE OIL, WHOLE KERNEL CORN, SOY PROTEIN, TOMATOES, ONION POWDER, WHEAT GLUTEN, DRIED EGG-WHITE, BULGUR WHEAT, GREEN CHILES, MODIFIED MILK INGREDIENTS, CORN STARCH, SPICES, TOMATO POWDER, TOMATO JUICE, SALT, GARLIC POWDER, NATURAL FLAVOUR, PAPRIKA, SOY SAUCE POWDER (SOYBEANS, WHEAT, SALT), JALAPENO PEPPER, MALTODEXTRIN, ACACIA GUM, ONION JUICE CONCENTRATE, CARROT JUICE CONCENTRATE, CITRIC ACID, XANTHAN GUM, TURMERIC. CONTAINS SOY, WHEAT, EGG AND MILK INGREDIENTS.","No fish,No mustard,No sesame,No shellfish,No sulfite,No artificials,Kosher,Vegetarian-friendly",Add to Cart; Find in Store,4,8,,
Walmart Canada,Frozen,Pizzas,walmart.ca,https://www.walmart.ca/en/ip/great-value-thin-and-crispy-deluxe-pizza/6000199206996,,403 g,Walmart.ca > Grocery > Frozen Food > Frozen Pizza,Great Value,Great Value Thin and Crispy Deluxe Pizza,SKU:6000199206997,UPC:62891582894,ID:6000199206996,Walmart Item #:30747874,$3.27,,,,$327/100GR,"No matter how you slice it, Great Value Thin & Crispy Crust Deluxe Pizza delivers outstanding flavour and incredible quality in every box. Enjoy every delicious bite of this thin and crispy pizza featuring tomato sauce, mozzarella cheese, pepperoni, Italian sausage, green, red and yellow bell peppers, and onions. Pizza night has never been so easy!","• Made with mozzarella cheese, pepperoni, Italian sausage, green, red, and yellow bell peppers
• Cook time: 13 minutes
• Made in Canada from domestic and imported ingredients
• Free from artificial flavours and colours","[{""Product Type"":""Deluxe""},{""Storage Type"":""Frozen""},{""Walmart Exclusive"":""Yes""},{""Lifestyle\/Dietary Need"":""No artificials""}]",https://i5.walmartimages.ca/images/Enlarge/794/948/6000199794948.jpg | https://i5.walmartimages.ca/images/Enlarge/894/8_1/628915828948_1.jpg | https://i5.walmartimages.ca/images/Enlarge/48_/nft/628915828948_NFT.jpg,3,Sold by Walmart,"Crust: enriched wheat flour, water, canola oil, yeast, sugar, salt, guar gum. Toppings: mozzarella cheese (part skim milk, modified milk ingredients, bacterial culture, salt, calcium chloride, microbial enzyme), pepperoni (pork, salt, pork stock, dextrose, spice extractives, lactic acid starter culture, sodium erythorbate, natural smoke flavour, dehydrated garlic, sodium nitrite, citric acid, smoke), italian sausage crumble (pork, water, textured soy protein concentrate, spices, salt, sugar, garlic powder), red and green bell peppers, yellow bell peppers, onions. Sauce: water, crushed tomatoes, extra virgin olive oil, sugar, salt, garlic powder, vinegar, spice, onion powder.Contains: milk, soy, wheat. May contain: eggs, mustard.",No artificials,Add to Cart; Find in Store,5,1,,
Walmart Canada,Frozen,Pizzas,walmart.ca,https://www.walmart.ca/en/ip/dr-oetker-giuseppe-pizzeria-rising-crust-4-meat/6000198536705,,740 g,Walmart.ca > Grocery > Frozen Food > Frozen Pizza,Dr.Oetker,Dr. Oetker Giuseppe Pizzeria Rising Crust 4 Meat,SKU:6000198536706,UPC:5833625051,ID:6000198536705,Walmart Item #:30539452,$5.97,,,,$597/100GR,"Created for the meat lover in you! This delicious pizza is topped with mouth watering pepperoni, Italian sausage, seasoned beef and bacon.",,"[{""Product Type"":""Meat""},{""Storage Type"":""Frozen""},{""Clearout Deal"":""No""},{""Lifestyle\/Dietary Need"":""No egg,No fish,No sesame,No shellfish,No sulfite""}]",https://i5.walmartimages.ca/images/Enlarge/063/390/6000200063390.jpg,1,Sold by Walmart,"CRUST: ENRICHED WHEAT FLOUR, WATER, YEAST,  MODIFIED PALM OIL, WHEAT GLUTEN, SUGAR, SALT, MONOCALCIUM PHOSPHATE, BARLEY MALT EXTRACT, BAKING SODA, ACETYLATED TARTARIC ACID ESTERS OF MONO AND DIGLYCERIDES, DICALCIUM PHOSPHATE, GUAR GUM, HYDROGENATED CANOLA OIL, CANOLA OIL, CALCIUM CITRATE, ASCORBIC ACID, PENTOSANASE, AMYLASE  SAUCE: TOMATO PUREE, WATER, SUGAR, SOYA OIL, CORN STARCH, SALT, SPICES, GARLIC POWDER, ONION POWDER, HERBS CHEESE: MOZZARELLA CHEESE (MILK, BACTERIAL CULTURE, SALT, MICROBIAL ENZYME, CALCIUM CHLORIDE) TOPPINGS: PEPPERONI (PORK, SALT, SPICES, DEXTROSE, WATER, ONION POWDER, SPICE EXTRACTS, GARLIC POWDER, ASCORBIC ACID, SODIUM NITRITE, BACTERIAL CULTURE, SODIUM ASCORBATE, SMOKE), ITALIAN SAUSAGE (PORK, SPICES, WATER, SALT, SUGAR, SPICE EXTRACT, NATURAL FLAVOUR), COOKED SEASONED BEEF (BEEF, SALT, FLAVOUR), BACON (PORK, WATER, SALT, CANE SUGAR, CULTURED CELERY EXTRACT*, FLAVOURING, SMOKE) CONTAINS: WHEAT, BARLEY, MILK *CONTAINS NATURALLY OCCURRING NITRITES","No egg,No fish,No sesame,No shellfish,No sulfite",Add to Cart; Find in Store,5,4,,
Walmart Canada,Drinks,Coffee,walmart.ca,https://www.walmart.ca/en/ip/nabob-1896-tradition-ground-swiss-water-decaffeinated-coffee/6000196720819,,300g,Walmart.ca > Household Supplies & Pantry > Drinks > Coffee > Ground Coffee,Nabob,Nabob 1896 Tradition Ground Swiss Water Decaffeinated Coffee,SKU:6000196720820,UPC:6020000184,ID:6000196720819,Walmart Item #:31324239,$6.47,,,,$2.16/100GR,"Nabob 1896 Tradition Ground Swiss Water Decaffeinated Coffee is balanced, lively and citrusy–perfect for those who prefer a decaf cup of coffee. Our medium roast coffee is expertly roasted for an incredible smooth, velvety taste. The Swiss Water Process uses B.C. Coast mountain water to remove caffeine so you can enjoy a cup of coffee full of balanced and delicious flavours.","•  One bag of 300 g Nabob 1896 Tradition Ground Swiss Water Decaffeinated Coffee 
• Made with 100% Arabica beans
•  More than 60% Rainforest Alliance Certified Content 
•  Expertly roasted for an incredibly smooth taste 
•  Kosher Certified","[{""Product Type"":""Ground""},{""Decaffeinated"":""Yes""},{""Singleserve"":""No""},{""Storage Type"":""Shelf""},{""Clearout Deal"":""No""},{""Lifestyle\/Dietary Need"":""No egg,No fish,No milk,No mustard,No sesame,No shellfish,No soy,No sulfite,No wheat,No lactose,No artificials,No added sugars,Paleo-friendly,Vegan-friendly,Vegetarian-friendly,Whole30-friendly""}]",https://i5.walmartimages.ca/images/Enlarge/001/849/999999-00060200001849.jpg | https://i5.walmartimages.ca/images/Enlarge/552/583/6000200552583.jpg | https://i5.walmartimages.ca/images/Enlarge/552/584/6000200552584.jpg | https://i5.walmartimages.ca/images/Enlarge/788/892/6000200788892.jpg | https://i5.walmartimages.ca/images/Enlarge/316/668/6000202316668.jpg | https://i5.walmartimages.ca/images/Enlarge/316/661/6000202316661.jpg | https://i5.walmartimages.ca/images/Enlarge/316/660/6000202316660.jpg,7,Sold by Walmart,INGREDIENTS: Decaffeinated 100% Arabica coffee.,"No egg,No fish,No milk,No mustard,No sesame,No shellfish,No soy,No sulfite,No wheat,No lactose,No artificials,No added sugars,Paleo-friendly,Vegan-friendly,Vegetarian-friendly,Whole30-friendly",Add to Cart; Find in Store,4,39,,8
Walmart Canada,Frozen,Pizzas,walmart.ca,https://www.walmart.ca/en/ip/great-value-rising-crust-3-meat-pizza/6000199768418,,685 g,Walmart.ca > Grocery > Frozen Food > Frozen Pizza,Great Value,Great Value Rising Crust 3 Meat Pizza,SKU:6000199768419,UPC:62891582904,ID:6000199768418,Walmart Item #:30041982,$3.97,,,,$0.58/100GR,"Delicious flavour is baked in to every slice of Great Value Rising Crust 3 Meat Pizza. Easy to prepare and made to enjoy, this rising crust pizza is topped with an incredible combination of toppings that include an Italian-style tomato sauce, mozzarella cheese, pepperoni, Italian-style sausage and seasoned beef. Pizza night has never been so easy!","• Mozzarella cheese, pepperoni, Italian-style sausage & seasoned beef
• Cook time: 20 minutes
• Made in Canada from domestic and imported ingredients
• Free from artificial flavours and colours","[{""Product Type"":""Meat""},{""Storage Type"":""Frozen""},{""Walmart Exclusive"":""Yes""},{""Clearout Deal"":""No""},{""Lifestyle\/Dietary Need"":""""}]",https://i5.walmartimages.ca/images/Enlarge/800/322/6000199800322.jpg | https://i5.walmartimages.ca/images/Enlarge/904/4_1/628915829044_1.jpg | https://i5.walmartimages.ca/images/Enlarge/44_/nft/628915829044_NFT.jpg,3,Sold by Walmart,"Crust: enriched wheat flour, water, sugar, yeast, soybean oil, corn meal, salt, baking soda, sodium aluminium phosphate, dough conditioners (wheat flour, dextrose, acetyl tartaric acid esters of mono- and diglycerides, soybean oil, ascorbic acid, enzymes, l-cysteine). Toppings: mozzarella cheese (part skim milk, bacterial culture, salt, calcium chloride, microbial enzyme), pepperoni (pork, beef, salt, dextrose, lactic acid starter culture, mustard, spice extractives, sodium erythorbate, natural smoke flavour, dehydrated garlic, sodium nitrite, citric acid), sausage (pork, spice, water, salt, dextrose, sodium phosphate, sugar, garlic powder), beef topping (beef, water, salt, sodium phosphate, flavour). Sauce: (water, tomato paste, tomato purée, extra virgin olive oil, sugar, spice, salt, garlic, parsley, basil, modified corn starch), powdered cellulose. Contains: milk, soy, wheat, mustard.",,Add to Cart; Find in Store,4.5,2,,
Walmart Canada,Frozen,Meatless Alternatives,walmart.ca,https://www.walmart.ca/en/ip/great-value-farm-raised-basa-fillets/6000200516295,,1.4 kg,"Walmart.ca > Grocery > Frozen Food > Frozen Meat, Seafood & Alternatives > Frozen Fish & Seafood",Great Value,Great Value Farm Raised Basa Fillets,SKU:6000200516296,UPC:62891741282,ID:6000200516295,Walmart Item #:30710315,$9.97,,,,,Great Value Farm Raised Basa Fillets,"• Sustainably sourced
• Skinless
• Individually vaccum sealed
• Keep frozen
• Uncooked
• BAP certified
• Resealable pack","[{""Cut"":""Fillets""},{""Product Type"":""Seafood""},{""Storage Type"":""Frozen""},{""Walmart Exclusive"":""Yes""},{""Clearout Deal"":""No""},{""Lifestyle\/Dietary Need"":""No artificials,No added sugars,Paleo-friendly,Whole30-friendly""}]",https://i5.walmartimages.ca/images/Enlarge/412/824/628917412824.jpg | https://i5.walmartimages.ca/images/Enlarge/24_/nft/628917412824_NFT.jpg | https://i5.walmartimages.ca/images/Enlarge/24_/nft/628917412824_NFT.jpg,3,Sold by Walmart,Not Applicable,"No artificials,No added sugars,Paleo-friendly,Whole30-friendly",Add to Cart; Find in Store,3.8,4,,1
Walmart Canada,Frozen,Pizzas,walmart.ca,https://www.walmart.ca/en/ip/pillsbury-pizza-pops-pepperoni-pizza-snacks/6000001796255,,"4 pizza snacks, 400 g",Walmart.ca > Grocery > Frozen Food > Frozen Pizza,Pillsbury,Pillsbury Pizza Pops Pepperoni Pizza Snacks,SKU:206951,UPC:6905240737,ID:6000001796255,Walmart Item #:9123471,$2.64,,,,$0.66/100GR,"Need to fill that afternoon hunger gap? Chow down on a warm and delicious Pepperoni Pillsbury Pizza Pop. Filled with gooey cheese and loaded with meaty pepperoni, Pizza Pops are the perfect after-school snack.","• The perfect after-school snack for kids!
• Canada’s Best Selling Pizza Snack!
• Try all 7 great flavours to meet all your pizza cravings
• Try our Crispy Crust for a bigger pizza meal!
• Box contains: 4 pizza snacks","[{""Product Type"":""Handhelds & Pockets""},{""Storage Type"":""Frozen""},{""Lifestyle\/Dietary Need"":""No egg,No fish,No sesame,No shellfish,No soy,No sulfite""}]",https://i5.walmartimages.ca/images/Enlarge/407/373/999999-69052407373.jpg | https://i5.walmartimages.ca/images/Enlarge/197/273/6000199197273.jpg | https://i5.walmartimages.ca/images/Enlarge/778/670/6000201778670.jpg | https://i5.walmartimages.ca/images/Enlarge/778/671/6000201778671.jpg | https://i5.walmartimages.ca/images/Enlarge/778/673/6000201778673.jpg | https://i5.walmartimages.ca/images/Enlarge/778/674/6000201778674.jpg | https://i5.walmartimages.ca/images/Enlarge/73_/nft/69052407373_NFT.jpg | https://i5.walmartimages.ca/images/Enlarge/73_/nft/69052407373_NFT.jpg,8,Sold by Walmart,"ENRICHED WHEAT FLOUR, WATER, PIZZA TOPPING (WATER, PALM OIL, MODIFIED POTATO STARCH, RENNET CASEIN, MODIFIED CORN STARCH, SODIUM CITRATE, POTASSIUM CHLORIDE, LACTIC ACID, SODIUM ALUMINUM PHOSPHATE, SALT, SODIUM PHOSPHATE, FLAVOUR [CONTAINS MODIFIED MILK INGREDIENTS], COLOUR), COOKED PEPPERONI, CANOLA OIL, TOMATO PASTE, SUGAR, SALT, MODIFIED CORN STARCH, DEXTROSE, SPICES, SODIUM STEAROYL-2-LACTYLATE, BAKING SODA, SODIUM ALUMINUM PHOSPHATE, METHYLCELLULOSE, ONION POWDER, CITRIC ACID, GARLIC POWDER, NATURAL FLAVOUR, GLUCONO DELTA-LACTONE, MONOCALCIUM PHOSPHATE, GLUTAMIC ACID, POTASSIUM SORBATE, AUTOLYZED YEAST EXTRACT, TOMATO POWDER, STEVIA EXTRACT. CONTAINS WHEAT AND MILK INGREDIENTS.","No egg,No fish,No sesame,No shellfish,No soy,No sulfite",Add to Cart; Find in Store,5,1,,
Walmart Canada,Frozen,Pizzas,walmart.ca,https://www.walmart.ca/en/ip/daiya-mediterranean-vegetable-crust-pizza/6000201973213,,411g,Walmart.ca > Grocery > Frozen Food > Frozen Pizza,Daiya,DAIYA MEDITERRANEAN VEGETABLE CRUST PIZZA,SKU:6000201973214,UPC:87145900251,ID:6000201973213,Walmart Item #:30953077,$10.47,,,,$2.55/100GR,"Our gluten-free vegetable crust pizzas are packed with cauliflower, sweet potatoes and spinach.
The delicious crisp of the vegetable crust paired with our authentic tomato sauce and our best-ever plant-based cheeze shreds provide a truly indulgent pizza taste experience. Who would have imagined that vegetables could be so delicious?
Try all 3 vegetable crust pizza flavours: Meatless Pepperoni Flavoured with Jalapeño, Mediterranean and Italian Herbs & Plant-based Cheeze Style. Featuring our cutting board cheeze shreds – our best ever shred with improved taste, melt and stretch!","PLANT BASED
CRUST MADE WITH CAULIFLOWER, SWEET POTATO & SPINACH
with mozza flavoured shreds, feta flavoured crumbles, olives, red onions and tomatoes
4g OF PROTEIN PER SERVING
GLUTEN FREE
HIGH SOURCE OF FIBRE
NON GMO PROJECT
CERTIFIED GLUTEN-FREE
VEGAN
CERTIFIED GLUTEN-FREE
MADE IN CANADA FROM DOMESTIC & IMPORTED INGREDIENTS","[{""Product Type"":""Other""},{""Storage Type"":""Frozen""},{""Clearout Deal"":""No""},{""Lifestyle\/Dietary Need"":""""}]",https://i5.walmartimages.ca/images/Enlarge/195/143/6000202195143.jpg,1,Sold by Walmart,"Gluten-free crust (water, vegetable blend (cauliflower, sweet potato, spinach), tapioca starch, rice flour, potato starch, chickpea flour, rice starch, milled flaxseed, olive oil, cane sugar, yeast, psyllium, guar gum, sea salt), Mozza and feta flavoured plant-based cheeze blend (filtered water, tapioca starch, coconut oil, expeller pressed: canola and/or safflower oil, potato starch, vegan natural flavours, salt, chickpea protein, tricalcium phosphate, lactic acid (vegan), potato protein, konjac gum, xanthan gum, concentrated pumpkin juice (colour), yeast extract, vegan enzyme, inactive yeast), Tomato basil sauce (water, tomatoes, olive oil, basil, black pepper, garlic, oregano, salt), Tomatoes, Olives, Onions, Garlic, Oregano.",,Add to Cart; Find in Store,0,,,
Walmart Canada,Frozen,Pizzas,walmart.ca,https://www.walmart.ca/en/ip/great-value-pepperoni-pizza-bites/6000197075242,,1.28 kg (min 85 pieces),Walmart.ca > Grocery > Frozen Food > Frozen Appetizers & Snacks,Great Value,Great Value Pepperoni Pizza Bites,SKU:6000197075243,UPC:62891522515,ID:6000197075242,Walmart Item #:31163010,$9,,,,$0.01/1GR,"Great Value Pepperoni Pizza Bites burst with flavour. Featuring a filling of mozzarella, pepperoni with tomatoe sauce coated in a crispy batter, these fun bites put a modern twist on traditional pizza. Serve up the Pizza bites at your next family movie night instead of popcorn; there are plenty to go around, with a minimum of 85 pieces per package.","•Tomato sauce, pepperoni and mozzarella flavoured filling in a mini pizza crust
•Uncooked","[{""Product Type"":""Appetizer""},{""Storage Type"":""Frozen""},{""Walmart Exclusive"":""Yes""},{""Clearout Deal"":""No""},{""Lifestyle\/Dietary Need"":""""}]",https://i5.walmartimages.ca/images/Enlarge/468/317/6000203468317.jpg | https://i5.walmartimages.ca/images/Enlarge/901/575/6000197901575.jpg | https://i5.walmartimages.ca/images/Enlarge/469/381/6000203469381.jpg | https://i5.walmartimages.ca/images/Enlarge/469/381/6000203469381.jpg,4,Sold by Walmart,"Wrapper: Enriched wheat flour, water, soybean oil, sugar, salt, whey.Filling: Sauce (water, tomato paste,  modified corn starch, salt, dehydrated onion and garlic, sugar, spice, soybean oil, guar gum, parmesan cheese, xanthan gum, paprika, citric acid, beet powder, soy flour, pepperoni (pork, salt, water, dextrose, spices, lactic acid, sodium ascorbate, oleoresin of paprika, flavour, citric acid, garlic powder, sodium nitrite), mozzarella flavoured topping (mozzarella cheese, water, palm oil shortening, modified corn starch, whey powder, sodium aluminum phosphate, salt, gum blend [xanthan, locust bean, guar], citric acid, sorbic acid, disodium phosphate, sodium citrate), methylcellulose.Contains: Milk, soy, wheat, barley.May Contain: Eggs.",,Add to Cart; Find in Store,5,2,,
Walmart Canada,Frozen,Meatless Alternatives,walmart.ca,https://www.walmart.ca/en/ip/our-finest-angus-beef-burgers/6000199442696,,8 x 142 g,"Walmart.ca > Grocery > Frozen Food > Frozen Meat, Seafood & Alternatives > Frozen Beef",Our Finest,Our Finest Angus Beef Burgers,SKU:6000199442697,UPC:62891582540,ID:6000199442696,Walmart Item #:30546513,$12.97,,,,$11.48/1KG,"Made with simple ingredients and 100% Angus Beef, Our Finest™ Angus Beef Burgers are exquisitely tender, simply seasoned and full of fabulous flavour. Ready for grilling, these burgers can be paired with an array of gourmet toppings or enjoyed simply with classic condiments. Any way you dress them, they are sure to impress.","• Gluten free
• Tendre and juicy
• Uncooked
• Made with Angus beef","[{""Cut"":""Burgers""},{""Product Type"":""Beef""},{""Singleserve"":""No""},{""Storage Type"":""Frozen""},{""Walmart Exclusive"":""Yes""},{""Clearout Deal"":""No""},{""Lifestyle\/Dietary Need"":""No artificials,No added sugars,Paleo-friendly,Whole30-friendly""}]",https://i5.walmartimages.ca/images/Enlarge/825/404/628915825404.jpg | https://i5.walmartimages.ca/images/Enlarge/540/4_1/628915825404_1.jpg | https://i5.walmartimages.ca/images/Enlarge/04_/nft/628915825404_NFT.jpg,3,Sold by Walmart,"Angus beef, water, salt, spices and spice extracts.","No artificials,No added sugars,Paleo-friendly,Whole30-friendly",Add to Cart; Find in Store,3.3,3,,1
Walmart Canada,Frozen,Pizzas,walmart.ca,https://www.walmart.ca/en/ip/pillsbury-pizza-pops-pepperoni-pizza-snacks/6000016942930,,"800 g, Pack of 8",Walmart.ca > Grocery > Frozen Food > Frozen Pizza,Pillsbury,Pillsbury Pizza Pops Pepperoni Pizza Snacks,SKU:207447,UPC:6905226585,ID:6000016942930,Walmart Item #:30148341,$5.18,$3.97,,,$0.5/100GR,Golden Pillsbury Pizza Pops loaded with awesome stuff! Packed with pizza goodness for a serious way to satisfy everyone’s pizza craving! Perfect for a quick microwaveable office snack or baked in the oven for a crispy cafeteria treat!,"• The perfect after-school snack for kids!
• Canada’s Best Selling Pizza Snack!
• Try all 7 great flavours to meet all your pizza cravings
• Try our Crispy Crust for a bigger pizza meal!
• Box contains: 8 pizza snacks","[{""Product Type"":""Handhelds & Pockets""},{""Storage Type"":""Frozen""},{""Lifestyle\/Dietary Need"":""No egg,No fish,No sesame,No shellfish,No soy,No sulfite""}]",https://i5.walmartimages.ca/images/Enlarge/265/850/999999-69052265850.jpg | https://i5.walmartimages.ca/images/Enlarge/197/298/6000199197298.jpg | https://i5.walmartimages.ca/images/Enlarge/778/643/6000201778643.jpg | https://i5.walmartimages.ca/images/Enlarge/778/647/6000201778647.jpg | https://i5.walmartimages.ca/images/Enlarge/778/650/6000201778650.jpg | https://i5.walmartimages.ca/images/Enlarge/778/652/6000201778652.jpg | https://i5.walmartimages.ca/images/Enlarge/778/656/6000201778656.jpg | https://i5.walmartimages.ca/images/Enlarge/nft/_en/69052265850_NFT_EN.jpg | https://i5.walmartimages.ca/images/Enlarge/nft/_fr/69052265850_NFT_FR.jpg,9,Sold by Walmart,"ENRICHED WHEAT FLOUR, WATER, PIZZA TOPPING (WATER, PALM OIL, MODIFIED POTATO STARCH, RENNET CASEIN, MODIFIED CORN STARCH, SODIUM CITRATE, POTASSIUM CHLORIDE, LACTIC ACID, SODIUM ALUMINUM PHOSPHATE, SALT, SODIUM PHOSPHATE, CARRAGEENAN, NATURAL FLAVOUR [CONTAINS MODIFIED MILK INGREDIENTS], COLOUR), COOKED PEPPERONI, CANOLA OIL, CONCENTRATED TOMATO PASTE, SUGAR, SALT, MODIFIED CORN STARCH, DEXTROSE, SPICES, SODIUM STEAROYL-2-LACTYLATE, BAKING SODA, SODIUM ALUMINIUM PHOSPHATE, METHYLCELLULOSE, ONION POWDER, CITRIC ACID, NATURAL FLAVOUR, GARLIC POWDER, GLUCONO DELTA-LACTONE, MONOCALCIUM PHOSPHATE, GLUTAMIC ACID, AUTOLYZED YEAST EXTRACT, TOMATO POWDER, STEVIA EXTRACT. CONTAINS WHEAT AND MILK INGREDIENTS.","No egg,No fish,No sesame,No shellfish,No soy,No sulfite",Add to Cart; Find in Store,1,2,,
Walmart Canada,Frozen,Pizzas,walmart.ca,https://www.walmart.ca/en/ip/delissio-rising-crust-pizza-canadian/6000195508987,,860 GR,Walmart.ca > Grocery > Frozen Food > Frozen Pizza,Delissio,DELISSIO Rising Crust Pizza Canadian,SKU:6000195508988,UPC:7192174248,ID:6000195508987,Walmart Item #:30875835,$5.44,,,,$0.63/100GR,"There’s nothing quite like a classic rising crust pizza topped with your favourite ingredients. DELISSIO® Rising Crust Pizza Canadian (860 g) tops a high-rising, thick crust with juicy pepperoni, bacon, and mushrooms – the Canadian pizza trifecta! Whether treating yourself or pleasing a crowd, the soft and fluffy crust with a crispy outside makes every night an irresistible pizza night. Made with high quality ingredients, it’s no wonder DELISSIO® is the Most Trusted Frozen Pizza Brand in Canada*. It’s easy to cook up a delish pizza that tastes just like delivery. It’s not delivery, It’s DELISSIO!® *BrandSpark International inc. 2017/2018","• A classic, thick crust with a fluffy inside, topped with Pepperoni, Bacon, and Mushrooms
• Made with only quality ingredients, DELISSIO® is the Most Trusted Frozen Pizza Brand in Canada*
• Quick and easy way to turn any night into a mouth-watering pizza night – perfect for a night in, pleasing the crowd, or a tasty appetizer
• Add your favourite ingredients for your own pizza personalization
• The only door you need to open is your oven. It’s not delivery, it’s DELISSIO!®","[{""Product Type"":""Canadian""},{""Singleserve"":""No""},{""Storage Type"":""Frozen""},{""Clearout Deal"":""No""},{""Lifestyle\/Dietary Need"":""No egg,No fish,No sesame,No shellfish,No sulfite,No artificials""}]",https://i5.walmartimages.ca/images/Enlarge/742/485/999999-71921742485.jpg | https://i5.walmartimages.ca/images/Enlarge/428/681/6000199428681.jpg | https://i5.walmartimages.ca/images/Enlarge/248/5_1/999999-71921742485_1.jpg | https://i5.walmartimages.ca/images/Enlarge/428/689/6000199428689.jpg | https://i5.walmartimages.ca/images/Enlarge/428/693/6000199428693.jpg | https://i5.walmartimages.ca/images/Enlarge/428/695/6000199428695.jpg,6,Sold by Walmart,"Crust (wheat flour, water, sugar, corn meal, wheat gluten, soya oil, yeast, salt, modified palm oil, DATEM, baking soda, mineral oil, sunflower lecithin, ascorbic acid, glucoamylase, glucose oxidase, xylanase), Part-skim mozzarella cheese (partly skimmed milk, bacterial culture, salt, microbial enzyme), Sauce (water, tomato paste, soya oil, salt, garlic, spices and herbs), Mushroom, Pepperoni (mustard), Bacon, Salt.","No egg,No fish,No sesame,No shellfish,No sulfite,No artificials",Add to Cart; Find in Store,3.7,67,,
Walmart Canada,Frozen,Meatless Alternatives,walmart.ca,https://www.walmart.ca/en/ip/deli-express-chicken-breast-burgers/6000202762409,,550 g,"Walmart.ca > Grocery > Frozen Food > Frozen Meat, Seafood & Alternatives > Frozen Chicken & Turkey",Deli Express,Deli Express Chicken Breast Burgers,SKU:6000202762410,UPC:6310028656,ID:6000202762409,Walmart Item #:31181941,$5.97,,,,$1.09/100GR,"Bring irresistible flavour to your dinner table with Deli Express® Chicken Breast Burgers. Crafted from our quality cuts of chicken breast, these tender white meat chicken patties are breaded in a crispy batter for delicious flavour and texture. A perfect at-home meal indulgence, these frozen chicken patties are ready in just 20 minutes. Enjoy these breaded chicken burgers on a bun with your favourite toppings. Deli Express® is part of the Maple Leaf Foods family of brands.","FAMILY FAVOURITE: Fully cooked chicken patties are a quick, delicious meal that everyone will savour
QUALITY CUTS: Only our quality cuts of chicken breast are used to create this breaded chicken patty
CRUNCHY TEXTURE: Chicken breast is breaded for delicious flavour and crisp texture
GOOD SOURCE OF PROTEIN: Contains 12g of protein per serving
PROUDLY CANADIAN BRAND: Deli Express® is part of the Maple Leaf Foods family of brands","[{""Product Type"":""Other""},{""Storage Type"":""Frozen""},{""Clearout Deal"":""No""},{""Lifestyle\/Dietary Need"":""""}]",https://i5.walmartimages.ca/images/Enlarge/159/893/6000203159893.jpg | https://i5.walmartimages.ca/images/Enlarge/160/614/6000203160614.jpg,2,Sold by Walmart,"CHICKEN, WATER, TOASTED WHEAT CRUMBS WITH SPICE EXTRACTS, MODIFIED CORN STARCH, SOY PROTEIN PRODUCT, WHEAT FLOUR, CORN FLOUR, WHEAT GLUTEN, SALT, BAKING POWDER, PALM OIL, DEFATTED SOY FLOUR, ONION POWDER, GARLIC POWDER, GUAR GUM.BROWNED IN VEGETABLE OIL.SAUCE: SUGAR/GLUCOSE-FRUCTOSE, WATER, PUMPKIN, VINEGAR, MODIFIED CORN STARCH, SALT, APRICOT, PLUM, GUAR GUM, BLACKSTRAP MOLASSES, SODIUM BENZOATE, SPICE, DRIED GARLIC, CARAMEL.CONTAINS: WHEAT, SOY.At Walmart Canada, we always strive to make sure the information about the products we sell is always as accurate as possible. However, because products are regularly improved, the product information, ingredients, nutritional guides and dietary or allergy advice may occasionally change.As a result, we recommend that you always read the label carefully before using or consuming any products. Please do not solely rely on the information provided on this website. Walmart Canada does not accept any liability for any inaccuracies or incorrect information contained on this website.",,Add to Cart; Find in Store,1.5,2,,2
Walmart Canada,Frozen,Meatless Alternatives,walmart.ca,https://www.walmart.ca/en/ip/great-value-wild-caught-sole-fillets/6000200487467,,1.13 kg,"Walmart.ca > Grocery > Frozen Food > Frozen Meat, Seafood & Alternatives > Frozen Fish & Seafood",Great Value,Great Value Wild Caught Sole Fillets,SKU:6000200487468,UPC:62891741285,ID:6000200487467,Walmart Item #:30624247,$9.97,,,,,Great Value Wild Caught Sole Fillets,"• Skinless
• Sustainably sourced
• Individually vacuum sealed
• Keep frozen
• Uncooked
• Certified sustainable seafood","[{""Cut"":""Fillets""},{""Product Type"":""Seafood""},{""Storage Type"":""Frozen""},{""Walmart Exclusive"":""Yes""},{""Lifestyle\/Dietary Need"":""No artificials,No added sugars,Paleo-friendly,Whole30-friendly""}]",https://i5.walmartimages.ca/images/Enlarge/934/456/6000200934456.jpg,1,Sold by Walmart,Other,"No artificials,No added sugars,Paleo-friendly,Whole30-friendly",Add to Cart; Find in Store,5,2,,1
Walmart Canada,Frozen,Meatless Alternatives,walmart.ca,https://www.walmart.ca/en/ip/great-value-salt-pepper-chicken-wings/6000201934148,,850 g,"Walmart.ca > Grocery > Frozen Food > Frozen Meat, Seafood & Alternatives > Frozen Chicken & Turkey",Great Value,Great Value Salt & Pepper Chicken Wings,SKU:6000201934149,UPC:62773501573,ID:6000201934148,Walmart Item #:30936960,$9.97,,,,$1.17/100GR,"Make tonight wing night with Great Value Salt & Pepper Chicken Wings! These crispy, lightly coated winglets and drumettes are ready to enjoy in 30 minutes. Just heat, serve, dip and devour – each box includes Buttermilk Ranch dipping sauce.","- Seasoned and pre-cooked
- Includes Buttermilk Ranch dipping sauce
- Made in Canada","[{""Product Type"":""Wings""},{""Storage Type"":""Frozen""},{""Walmart Exclusive"":""Yes""},{""Clearout Deal"":""No""},{""Lifestyle\/Dietary Need"":""No artificials""}]",https://i5.walmartimages.ca/images/Enlarge/739/113/6000202739113.jpg | https://i5.walmartimages.ca/images/Enlarge/739/114/6000202739114.jpg | https://i5.walmartimages.ca/images/Enlarge/739/111/6000202739111.jpg | https://i5.walmartimages.ca/images/Enlarge/739/475/6000202739475.jpg | https://i5.walmartimages.ca/images/Enlarge/739/475/6000202739475.jpg,5,Sold by Walmart,"Chicken wings: Chicken wings (winglets and drumettes), Water, Enriched wheat flour, Canola oil, Rice starch, Modified corn starch, Salt, Spices, Sodium phosphate, Natural flavour, Baking powder, Sugars (dextrose), Guar gum. Buttermilk ranch sauce: Water, Soybean oil, Buttermilk (partly skim milk, salt, bacterial culture, vitamin A palmitate, vitamin D3), Modified milk ingredients, Sugar, Frozen egg yolk, Modified corn starch, Salt, Mustard, Garlic, Onion powder, Canola oil, Seasoning, Spices, Herbs, Natural flavour, Soy lecithin, Polysorbate 60, Xanthan gum, Cellulose gum, Lactic acid, Citric acid, Potassium sorbate, Sodium benzoate. Contains: Milk, Eggs, Soy, Wheat, Mustard.",No artificials,Add to Cart; Find in Store,3,4,,
Walmart Canada,Frozen,Meatless Alternatives,walmart.ca,https://www.walmart.ca/en/ip/great-value-large-raw-pacific-white-shrimp/6000201794078,,600 g,"Walmart.ca > Grocery > Frozen Food > Frozen Meat, Seafood & Alternatives > Frozen Fish & Seafood",Great Value,Great Value Large Raw Pacific White Shrimp,SKU:6000201794079,UPC:62773501621,ID:6000201794078,Walmart Item #:30885575,$13.97,,,,$2.33/100GR,"Frankly, we’d feel a little shellfish if we kept all this succulent shrimp to ourselves! Great Value™ Large Raw Pacific White Shrimp feature easy-peel shells for effortless preparation. Ready to bake, broil, fry or grill, these tasty treasures have a mild, sweet flavour, tender texture and are a must-have for creating a variety of mouth-watering dishes such as pad thai and jambalaya.","•Easy-peel
•Deveined
•Shell-on","[{""Product Type"":""Seafood""},{""Storage Type"":""Frozen""},{""Walmart Exclusive"":""Yes""},{""Clearout Deal"":""No""},{""Lifestyle\/Dietary Need"":""""}]",https://i5.walmartimages.ca/images/Enlarge/016/214/627735016214.jpg | https://i5.walmartimages.ca/images/Enlarge/621/4_8/627735016214_8.jpg | https://i5.walmartimages.ca/images/Enlarge/260/235/6000203260235.jpg | https://i5.walmartimages.ca/images/Enlarge/260/235/6000203260235.jpg,4,Sold by Walmart,Shrimp • Sodium tripolyphosphate • Salt.May contain: Other crustaceans • Peanuts • Tree nuts • Sesame • Milk • Eggs • Fish • Shellfish • Soy • Wheat • Sulphites.,,Add to Cart; Find in Store,0,,,1
Walmart Canada,Frozen,Meatless Alternatives,walmart.ca,https://www.walmart.ca/en/ip/great-value-beef-burgers/6000191272332,,"20 x 113 g, 2.27 kg","Walmart.ca > Grocery > Frozen Food > Frozen Meat, Seafood & Alternatives > Frozen Beef",Great Value,Great Value Beef Burgers,SKU:6000191272333,UPC:62891508522,ID:6000191272332,Walmart Item #:30068858,$20.97,,,,$0.01/1GR,"Made with simple ingredients, Great Value Beef Burgers are exquisitely tender, simply seasoned and full of fabulous flavour. Ready for grilling, these burgers can be paired with an array of gourmet toppings or enjoyed simply with classic condiments. Any way you dress them, they are sure to impress.

• Uncooked
• Keep frozen
• Made in Canada
• From domestic and imported ingredients

Fire up the BBQ and enjoy these tender and juicy beef burgers.",,"[{""Cut"":""Burgers""},{""Product Type"":""Beef""},{""Storage Type"":""Frozen""},{""Walmart Exclusive"":""Yes""},{""Clearout Deal"":""No""},{""Lifestyle\/Dietary Need"":""No artificials,No added sugars""}]",https://i5.walmartimages.ca/images/Enlarge/085/228/628915085228.jpg | https://i5.walmartimages.ca/images/Enlarge/522/8_1/628915085228_1.jpg | https://i5.walmartimages.ca/images/Enlarge/522/8_2/628915085228_2.jpg,3,Sold by Walmart,"BEEF, WATER, TEXTURED SOY PROTEIN, SEASONING (SALT, MUSTARD, SODIUM PHOSPHATE, SPICES, GARLIC POWDERCONTAINS: SOY, MUSTARD. MAY CONTAIN: MILK, WHEAT.","No artificials,No added sugars",Add to Cart; Find in Store,4,21,,4
Walmart Canada,Drinks,Coffee,walmart.ca,https://www.walmart.ca/en/ip/nabob-full-city-dark-coffee-100-compostable-pods/6000201704040,,"292g, 30 Pods",Walmart.ca > Household Supplies & Pantry > Drinks > Coffee > Coffee Pods,Nabob,Nabob Full City Dark Coffee 100% Compostable Pods,SKU:6000201704041,UPC:6020001000,ID:6000201704040,Walmart Item #:30872677,$16.47,$13.97,,$Rollback,$4.78/100GR,"Nabob Bold Full City Dark is Rich, Smoky & Velvety with an authentic “Full City” dark roast. This Nabob Bold blend cannot contain its smoky, full-bodied flavour that is velvety smooth.","•One 292G box of Nabob Bold Full City Dark Coffee Single Serve Pods (30 pods)
•Made with 100% Arabica beans
•Nabob Coffee is Rainforest Certified
•Zero Waste - pods are compostable and packaging is recyclable","[{""Product Type"":""Pods""},{""Decaffeinated"":""No""},{""Singleserve"":""Yes""},{""Storage Type"":""Shelf""},{""Clearout Deal"":""No""},{""Lifestyle\/Dietary Need"":""""}]",https://i5.walmartimages.ca/images/Enlarge/820/871/6000201820871.jpg | https://i5.walmartimages.ca/images/Enlarge/820/883/6000201820883.jpg | https://i5.walmartimages.ca/images/Enlarge/820/865/6000201820865.jpg | https://i5.walmartimages.ca/images/Enlarge/316/256/6000202316256.jpg | https://i5.walmartimages.ca/images/Enlarge/316/239/6000202316239.jpg | https://i5.walmartimages.ca/images/Enlarge/316/242/6000202316242.jpg | https://i5.walmartimages.ca/images/Enlarge/316/252/6000202316252.jpg | https://i5.walmartimages.ca/images/Enlarge/316/253/6000202316253.jpg,8,Sold by Walmart,COFFEE.,,Add to Cart; Find in Store,4,39,,8
Walmart Canada,Frozen,Meatless Alternatives,walmart.ca,https://www.walmart.ca/en/ip/janes-ultimates-breaded-seasoned-boneless-chicken-bites-honey-garlic-and-thai-chili/6000201932248,,Ready for Anything! / 900g,"Walmart.ca > Grocery > Frozen Food > Frozen Meat, Seafood & Alternatives > Frozen Chicken & Turkey",Janes,Janes ultimates Breaded & Seasoned Boneless Chicken Bites Honey Garlic and Thai Chili,SKU:6000201932249,UPC:6929911807,ID:6000201932248,Walmart Item #:30937345,$14.97,,,,,"A little hot. A little sweet. All in a little bite-sized snack. You’ll love Janes ultimates Honey Garlic & Thai Chili Boneless Bites! These lightly breaded bites, made with whole pieces of meaty, white chicken breast and slathered in our delicious dipping sauces makes these the perfect item for sharing, for topping off a salad or vegetable stir-fry.  With a choice of Honey Garlic or Thai Chili sauce, you can whip up anything with Janes Honey Garlic & Thai Chili Boneless Bites - the only thing stopping you is your imagination.  Be ready with Janes Honey Garlic & Thai Chili Boneless Bites.","No preservatives
Made with white meat
18% meat protein
0 trans fats
Low in saturated fat
No artificial flavours or colours","[{""Product Type"":""Other""},{""Storage Type"":""Frozen""},{""Clearout Deal"":""No""},{""Lifestyle\/Dietary Need"":""""}]",https://i5.walmartimages.ca/images/Enlarge/429/973/6000202429973.jpg | https://i5.walmartimages.ca/images/Enlarge/430/082/6000202430082.jpg | https://i5.walmartimages.ca/images/Enlarge/430/080/6000202430080.jpg,3,Sold by Walmart,"Chicken breast, Water, Toasted wheat crumbs, Wheat flour, Whole grain wheat flour, Modified corn starch, Canola oil, Sugars (sugar, dextrose), Salt, Baking powder, Spices, Spice extracts, Natural flavour. May contain Egg, Soy.Thai Chili Sauce:Sugar, Water, Chili peppers, Vinegar, Modified corn starch, Salt, Dried garlic, Canola oil, Garlic powder, Acetic acid (acidulant)Honey Garlic Sauce:Sugars (sugar, glucose, glucose-fructose, blackstrap molasses), Water, Tomato paste, Soy sauce (soybeans, wheat, maltodextrin, salt), Soybean oil, Vinegar, Dried garlic, Salt, Spices (contains cayenne powder), Natural flavour (soy), Yeast extract, Caramel.",,Add to Cart; Find in Store,4.5,2,,
Walmart Canada,Frozen,Meatless Alternatives,walmart.ca,https://www.walmart.ca/en/ip/yves-veggie-meatballs/6000001851179,,"383 g, Veggie Meatballs","Walmart.ca > Grocery > Frozen Food > Frozen Meat, Seafood & Alternatives > Frozen Plant-based Proteins",Yves,Yves Veggie Meatballs,SKU:10162467,UPC:6082200038,ID:6000001851179,Walmart Item #:9137660,$4.97,,,,$1.3/100GR,"Our Veggie Meatballs are a perfect addition to the award-winning Veggie Ground Round family. Whether it’s on top of pasta, in your favourite sauce, on a kebab or served up deli-style in a tasty sub sandwich, they’re sure to be a hit. Of course, they’re also low in fat, cholesterol-free and a good source of protein.","Meat Alternatives
Kosher
Vegetarian
No Trans Fat
Cholesterol Free
Source of Fiber
Good Source of Protein
No Artificial Colours and Flavours
Free of Artificial Preservatives","[{""Cut"":""Meatballs""},{""Product Type"":""Other""},{""Storage Type"":""Frozen""},{""Clearout Deal"":""No""},{""Lifestyle\/Dietary Need"":""No egg,No fish,No milk,No sesame,No shellfish,No sulfite,No lactose,No artificials,Kosher,Vegan-friendly,Vegetarian-friendly""}]",https://i5.walmartimages.ca/images/Enlarge/123/059/123059.jpg,1,Sold by Walmart,"Water, Textured soy protein, Canola oil, Wheat gluten, Soy protein, Toasted wheat crumbs, Natural flavours, Seasoning, Modified cellulose, Yeast extract, Spices, Salt, Malt extract, Cane sugar, Carrageenan (from seaweed), Potassium chloride, Vitamin and mineral blend. Contains: Soy, Wheat, Mustard, Barley.","No egg,No fish,No milk,No sesame,No shellfish,No sulfite,No lactose,No artificials,Kosher,Vegan-friendly,Vegetarian-friendly",Add to Cart; Find in Store,2.3,3,,1
Walmart Canada,Frozen,Meatless Alternatives,walmart.ca,https://www.walmart.ca/en/ip/great-value-breaded-fish-sticks/6000198481856,,680 g,"Walmart.ca > Grocery > Frozen Food > Frozen Meat, Seafood & Alternatives > Frozen Fish & Seafood",Great Value,Great Value Breaded Fish Sticks,SKU:6000198481857,UPC:62891575217,ID:6000198481856,Walmart Item #:31571768,$6.97,,,,$1.03/100GR,"It's easy to enjoy fish at home with the help of Great Value's Breaded Fish Sticks. Free from artificial flavours and colours, and free from added preservative, these classic fish sticks go straight from the freezer to the oven for a quick and delicious meal.","• Made from minced fish fillets
• Free from artificial flavours and colours","[{""Cut"":""Strips""},{""Product Type"":""Seafood""},{""Storage Type"":""Frozen""},{""Walmart Exclusive"":""Yes""},{""Clearout Deal"":""No""},{""Lifestyle\/Dietary Need"":""No artificials""}]",https://i5.walmartimages.ca/images/Enlarge/752/175/628915752175.jpg | https://i5.walmartimages.ca/images/Enlarge/217/5_1/628915752175_1.jpg | https://i5.walmartimages.ca/images/Enlarge/75_/nft/628915752175_NFT.jpg | https://i5.walmartimages.ca/images/Enlarge/75_/nft/628915752175_NFT.jpg,4,Sold by Walmart,"Minced Fish Fillets (Pollock Or Haddock), Toasted Wheat Crumbs, Canola Oil, Water, Modified Corn Starch, Flour (Corn Flour, Enriched Wheat Flour, Soy Flour), Corn Starch, Sugar, Salt, Seasonings (Spices, Garlic Powder, Onion Powder, Soy Sauce Powder), Baking Powder, Sodium Phosphate (To Retain Moisture).Contains: Pollock Or Haddock (Fish), Soy, Wheat.May Contain: Tree Nuts, Sesame, Milk, Eggs, Crustaceans, Shellfish, Mustard.",No artificials,Add to Cart; Find in Store,2.3,3,,1
Walmart Canada,Frozen,Meatless Alternatives,walmart.ca,https://www.walmart.ca/en/ip/deli-express-stuffed-chicken-with-broccoli-cheese/6000197427307,,568 g,"Walmart.ca > Grocery > Frozen Food > Frozen Meat, Seafood & Alternatives > Frozen Chicken & Turkey",Maple Leaf,Deli Express Stuffed Chicken with Broccoli & Cheese,SKU:6000197427308,UPC:6310028471,ID:6000197427307,Walmart Item #:31424729,$7.97,,,,$1.4/100GR,"Enjoy a simple yet delicious dinner with Deli Express® Stuffed Chicken with Broccoli & Cheese. Made with chicken breast meat, these breaded chicken cutlets are filled with the decadent combination of broccoli and gooey melted cheese. Great as a convenient frozen meal to keep on hand at home, these stuffed chicken breasts will quickly become a go-to family favourite. For variety, also try our Deli Express® Stuffed Chicken with Ham & Cheese. Deli Express® is part of the Maple Leaf Foods family of brands.","FAMILY FAVOURITE: These frozen stuffed chicken breasts with broccoli and cheese are sure to please
QUALITY CUTS: Only our quality cuts of chicken breast are used to create this breaded chicken cutlet
CLASSIC COMBINATION: Stuffed chicken breast is filled with cheese and broccoli
GOOD SOURCE OF PROTEIN: Contains 19g of protein per serving
PROUDLY CANADIAN BRAND: Deli Express® is part of the Maple Leaf Foods family of brands","[{""Product Type"":""Other""},{""Cut"":""Other""},{""Storage Type"":""Frozen""},{""Clearout Deal"":""No""},{""Lifestyle\/Dietary Need"":""No egg,No fish,No mustard,No sesame,No shellfish,No artificials,No added sugars""}]",https://i5.walmartimages.ca/images/Enlarge/143/347/6000198143347.jpg | https://i5.walmartimages.ca/images/Enlarge/921/386/6000202921386.jpg | https://i5.walmartimages.ca/images/Enlarge/921/387/6000202921387.jpg | https://i5.walmartimages.ca/images/Enlarge/921/388/6000202921388.jpg | https://i5.walmartimages.ca/images/Enlarge/921/389/6000202921389.jpg | https://i5.walmartimages.ca/images/Enlarge/921/389/6000202921389.jpg,6,Sold by Walmart,"CHICKEN, WATER, TOASTED WHEAT CRUMBS WITH SPICES, CHEDDAR CHEESE, BROCCOLI, MILK, SOY PROTEIN PRODUCT, MODIFIED CORN STARCH, WHEAT FLOUR, WHEAT GLUTEN, CORN FLOUR, CELERY, SALT, ONIONS, BUTTER, BAKING POWDER, PALM OIL, DEFATTED SOY FLOUR, ONION POWDER, GARLIC POWDER, GUAR GUM, VINEGAR, RED PEPPER, DRIED PARSLEY, ANNATTO, XANTHAN GUM, SPICE EXTRACT. BROWNED IN VEGETABLE OIL. CONTAINS: MILK, SOY, WHEAT.","No egg,No fish,No mustard,No sesame,No shellfish,No artificials,No added sugars",Add to Cart; Find in Store,4.5,2,,
Walmart Canada,Frozen,Meatless Alternatives,walmart.ca,https://www.walmart.ca/en/ip/zabiha-halal-chicken-strips/6000200074696,,800g,Walmart.ca > Grocery > Seasonal Holidays > Celebrate Ramadan & Eid > Ramadan & Eid Meals,Zabiha Halal,Zabiha Halal Chicken Strips,SKU:6000200074697,UPC:6771400792,ID:6000200074696,Walmart Item #:30930987,$9.97,,,,,"Heat and serve! Our scrumptious, crispy-on-the-outside Halal Chicken Strips are an ideal snack or side dish, dipped in your favourite sauce. Breaded and seasoned to perfection.",,"[{""Cut"":""Strips""},{""Product Type"":""Chicken""},{""Storage Type"":""Frozen""},{""Clearout Deal"":""No""},{""Lifestyle\/Dietary Need"":""""}]",https://i5.walmartimages.ca/images/Enlarge/801/455/6000202801455.jpg,1,Sold by Walmart,Cutlette: Chicken • Water • Toasted wheat crumbs • Soy protein isolate • Salt • Sugars (dextrose) • Garlic powder • Onion powder • Spices. Breading: Toasted wheat crumbs with spice extracts • Water • Soybean oil • Yellow corn flour • Wheat flour • Modified corn starch • Soy protein isolate • Salt • Baking powder • Defatted soy flour • Guar gum. Contains: Soy • Wheat. May contain: Egg • Milk,,Add to Cart; Find in Store,5,3,,
Walmart Canada,Drinks,Coffee,walmart.ca,https://www.walmart.ca/en/ip/lavazza-caffe-espresso-ground-coffee-tin/6000146303568,,,Walmart.ca > Household Supplies & Pantry > Drinks > Coffee > Ground Coffee,Lavazza,Lavazza Caffe Espresso Ground Coffee Tin,SKU:10299232,UPC:4195301450,ID:6000146303568,Walmart Item #:9208009,$7.97,,,,$3.51/100GR,Arabica blend of the highest quality beans which have been carefully selected and evenly roasted to produce a coffee smooth in flavor with a tempting aroma.,"• 100% Arabica
• Combines Central American and African beans
• Suitable for use in all type of coffee makers","[{""Flavour"":""Other""},{""Product Type"":""Espresso""},{""Decaffeinated"":""No""},{""Singleserve"":""No""},{""Storage Type"":""Shelf""},{""International Foods"":""Italian""},{""Clearout Deal"":""No""},{""Lifestyle\/Dietary Need"":""No egg,No fish,No milk,No mustard,No sesame,No shellfish,No soy,No sulfite,No wheat,No lactose,No artificials,No added sugars,Paleo-friendly,Vegan-friendly,Vegetarian-friendly,Whole30-friendly""}]",https://i5.walmartimages.ca/images/Enlarge/_64/798/64798.jpg,1,Sold by Walmart,ROASTED GROUND COFFEE,"No egg,No fish,No milk,No mustard,No sesame,No shellfish,No soy,No sulfite,No wheat,No lactose,No artificials,No added sugars,Paleo-friendly,Vegan-friendly,Vegetarian-friendly,Whole30-friendly",Add to Cart; Find in Store,4.7,104,,
Walmart Canada,Frozen,Pizzas,walmart.ca,https://www.walmart.ca/en/ip/delissio-stuffed-crust-3-meat-pizza-702-g/6000199442172,,702 GR,Walmart.ca > Grocery > Frozen Food > Frozen Pizza,Delissio,Delissio Stuffed Crust 3 Meat Pizza 702 g,SKU:6000199442173,UPC:7192164829,ID:6000199442172,Walmart Item #:30553490,$6.44,,,,$644/100GR,"An irresistible pizza, covered in cheese, and stuffed with even more cheese?! That's right, Delissio Stuffed Crust 3 Meat Pizza (702 g) is the ultimate cheese-lover's passion. Our signature golden pizza crust is stuffed full of real, mouth-watering cheeses, then topped with even more cheese, plus pepperoni, ham, and Italian sausage. Proudly prepared in Canada, each crispy bite unleashes cheesy delight, made with only the highest quality ingredients. Plus, you can customize your pizza by tossing on your own favourite ingredients before baking. The only door you'll need to open for this perfect pizza is the oven. It's not delivery, it's Delissio! *BrandSpark International, Inc. 2017/2018","• Pizza with a golden crust stuffed with mouth-watering cheese, and topped with pepperoni, ham, and Italian sausage
• Proudly prepared in Canada, with only the highest quality ingredients for a truly fresh-baked taste
• Delissio is proudly regarded as the Most Trusted Frozen Pizza Brand* in Canada
• It's easy top with your favourite ingredients for creative, customized pizza night
• It's not delivery, it's Delissio!","[{""Singleserve"":""No""},{""Product Type"":""Meat""},{""Storage Type"":""Frozen""},{""Batteries Included"":""N""},{""Features"":""\u2022 Pizza with a golden crust stuffed with mouth-watering cheese""},{""Features"":"" and topped with pepperoni""},{""Features"":"" ham""},{""Features"":"" and Italian sausage<br>\u2022 Proudly prepared in Canada""},{""Features"":"" with only the highest quality ingredients for a truly fresh-baked taste<br>\u2022 Delissio is proudly regarded as the Most Trusted Frozen Pizza Brand* in Canada<br>\u2022 It's easy top with your favourite ingredients for creative""},{""Clearout Deal"":""No""},{""Lifestyle\/Dietary Need"":""No egg,No fish,No sesame,No shellfish""}]",https://i5.walmartimages.com/asr/3a8e8832-f421-4b2f-a5fd-c49c601fc40f.02057d75967356230143efa50c910025.jpeg?odnHeight=2000&odnWidth=2000&odnBg=ffffff | https://i5.walmartimages.com/asr/33e715cb-ae2c-435e-a407-4a3eb5cbe65d.a21de36e49f815fbb015769140350f0a.jpeg?odnHeight=2000&odnWidth=2000&odnBg=ffffff | https://i5.walmartimages.com/asr/799475c2-4ac0-4b3b-860e-a228a89ee95f.64e2240bb55b4fe0a9db5d62048f4b16.jpeg?odnHeight=2000&odnWidth=2000&odnBg=ffffff | https://i5.walmartimages.com/asr/d1eaceb9-9f49-4065-b848-e0d50dc2c63e.999f6ee230149ed06e43644ddfda2073.jpeg?odnHeight=2000&odnWidth=2000&odnBg=ffffff | https://i5.walmartimages.com/asr/4c493311-4e3e-47ad-bd45-72a669c84a40.41128ac5469b0d9455500ac92b8785df.jpeg?odnHeight=2000&odnWidth=2000&odnBg=ffffff | https://i5.walmartimages.com/asr/f4af5d14-a11e-489d-ab38-308700265fe9.1c61f07c9c1a66583fc5969641fd5c05.jpeg?odnHeight=2000&odnWidth=2000&odnBg=ffffff,6,Sold by Walmart,"Crust (wheat flour, water, part skim pizza mozzarella cheese [modified milk ingredients, bacterial culture, salt, microbial enzyme, calcium chloride, cellulose], canola oil, yeast, toasted wheat crumbs, modified palm oil, flavour, carotene, sugar, salt), Sauce (water, tomato paste, canola oil, salt, sugar, dried garlic, spices), Part skim pizza mozzarella cheese (modified milk ingredients, bacterial culture, salt, calcium chloride, microbial enzyme, cellulose), Pepperoni (pork, water, salt, sugars [dextrose], dried garlic, bacterial culture, sodium nitrite, citric acid, sodium erythorbate,  flavour, smoke flavour, smoke), Cooked italian sausage (pork, water, soy protein concentrate, salt, sugars [sugar, honey], autolyzed yeast, spices, paprika, sodium phosphate, vinegar, lemon juice concentrate, dried red pepper and garlic, sodium erythorbate, flavour, malic acid), Ham (pork, water, salt, sugar, dried garlic, sodium phosphate, carrageenan, spices, sodium erythorbate, smoke flavour, sodium nitrite).","No egg,No fish,No sesame,No shellfish",Add to Cart; Find in Store,3.9,121,,
Walmart Canada,Frozen,Meatless Alternatives,walmart.ca,https://www.walmart.ca/en/ip/zabiha-halal-breaded-chicken-burger/6000200074904,,800g,Walmart.ca > Grocery > Seasonal Holidays > Diwali Celebration > Diwali Meals,Zabiha Halal,Zabiha Halal Breaded Chicken Burger,SKU:6000200074905,UPC:6771400790,ID:6000200074904,Walmart Item #:30930985,$9.97,,,,,"For those that love our chicken burgers with a little crunch. These burgers are breaded and seasoned to perfection and make a filling meal on a nice summer day, or any other day of the year for that matter!",,"[{""Cut"":""Burgers""},{""Product Type"":""Chicken""},{""Singleserve"":""No""},{""Storage Type"":""Frozen""},{""International Foods"":""Indian & South Asian""},{""Clearout Deal"":""No""},{""Lifestyle\/Dietary Need"":""No fish,No mustard,No sesame,No shellfish,No sulfite,No lactose,No artificials,Halal""}]",https://i5.walmartimages.ca/images/Enlarge/801/369/6000202801369.jpg,1,Sold by Walmart,Burger: Chicken • Water • Toasted wheat crumbs • Soy protein isolate • Salt • Sugars (dextrose) • Garlic powder • Onion powder • Spices. Breading: Toasted wheat crumbs with spice extracts • Water • Soybean oil • Yellow corn flour • Wheat flour • Modified corn starch • Soy protein isolate • Salt • Baking powder • Defatted soy flour • Guar gum. Contains: Soy • Wheat May contain: Egg • Milk,"No fish,No mustard,No sesame,No shellfish,No sulfite,No lactose,No artificials,Halal",Add to Cart; Find in Store,5,2,,
Walmart Canada,Frozen,Meatless Alternatives,walmart.ca,https://www.walmart.ca/en/ip/our-finest-lean-angus-burgers/6000196031470,,8 x 128g,"Walmart.ca > Grocery > Frozen Food > Frozen Meat, Seafood & Alternatives > Frozen Beef",Our Finest,Our Finest Lean Angus Burgers,SKU:6000196031471,UPC:62891536213,ID:6000196031470,Walmart Item #:31246673,$12.97,,,,$0.01/1GR,"Wonderfully tender and mouthwatering, our beef burger is a lighter version of Our FinestTM Angus Beef Burger with the same great taste. Our meat is ground butcher’s style for great texture and flavour. Our FinestTM – premium quality ingredients and the best we have to offer, from our table to yours.",,"[{""Cut"":""Burgers""},{""Product Type"":""Other""},{""Storage Type"":""Frozen""},{""Walmart Exclusive"":""Yes""},{""Clearout Deal"":""No""},{""Lifestyle\/Dietary Need"":""No artificials,No added sugars""}]",https://i5.walmartimages.ca/images/Enlarge/228/545/6000200228545.jpg | https://i5.walmartimages.ca/images/Enlarge/228/546/6000200228546.jpg | https://i5.walmartimages.ca/images/Enlarge/228/546/6000200228546.jpg,3,Sold by Walmart,"Beef, salt, onion water, toasted wheat crumbs, soy protein, flavour, onion powder, garlic powder, spice extracts, soy lecithin. Contains: soy, wheat. May contain: milk, eggs, mustard","No artificials,No added sugars",Add to Cart; Find in Store,3.5,8,,1
Walmart Canada,Drinks,Soft Drinks/Sodas,walmart.ca,https://www.walmart.ca/en/ip/diet-pepsi-cola-2l-bottle/6000076741987,,2L,Walmart.ca > Household Supplies & Pantry > Drinks > Soft Drinks > Diet Cola,Pepsi,"Diet Pepsi Cola, 2L Bottle",SKU:10185442,UPC:6900001261,ID:6000076741987,Walmart Item #:9238862,$1.97,,,,$0.1/100ML,"Diet Pepsi® soft drink is a bold, refreshing, robust cola, with zero calories. Perfect for parties, meals and celebrations big and small. This 2 L bottle is ideal for sharing with family and friends.","•Crisp, refreshing, great tasting cola with zero calories.
•Perfect for any occasion or celebration.
•2 L bottle is ideal for sharing with family and friends.
•","[{""Flavour"":""Cola""},{""Singleserve"":""No""},{""Storage Type"":""Shelf""},{""Clearout Deal"":""No""},{""Lifestyle\/Dietary Need"":""No egg,No fish,No milk,No mustard,No sesame,No shellfish,No soy,No sulfite,No wheat,No lactose,Kosher,No added sugars,Vegan-friendly,Vegetarian-friendly""}]",https://i5.walmartimages.ca/images/Enlarge/012/611/999999-69000012611.jpg | https://i5.walmartimages.ca/images/Enlarge/849/640/6000201849640.jpg | https://i5.walmartimages.ca/images/Enlarge/929/574/6000201929574.jpg | https://i5.walmartimages.ca/images/Enlarge/374/608/6000203374608.jpg | https://i5.walmartimages.ca/images/Enlarge/263/574/6000200263574.jpg | https://i5.walmartimages.ca/images/Enlarge/263/574/6000200263574.jpg,6,Sold by Walmart,"CARBONATED WATER, CARAMEL COLOUR, PHOSPHORIC ACID, ASPARTAME (124 mg/355 mL, CONTAINS PHENYLALANINE), SODIUM BENZOATE, CAFFEINE, NATURAL FLAVOUR, ACESULFAME POTASSIUM (32 mg/355 mL), CITRIC ACID, DIMETHYLPOLYSILOXANE","No egg,No fish,No milk,No mustard,No sesame,No shellfish,No soy,No sulfite,No wheat,No lactose,Kosher,No added sugars,Vegan-friendly,Vegetarian-friendly",Add to Cart; Find in Store,4,1,,
Walmart Canada,Frozen,Meatless Alternatives,walmart.ca,https://www.walmart.ca/en/ip/aqua-star-oven-ready-coconut-shrimp/6000196728912,,"28-32 Butterfly Shrimp, 500g","Walmart.ca > Grocery > Frozen Food > Frozen Meat, Seafood & Alternatives > Frozen Fish & Seafood",Aquastar,Aqua Star Oven Ready Coconut Shrimp,SKU:6000196728913,UPC:73114935239,ID:6000196728912,Walmart Item #:31326793,$9.97,,,,$1.99/100GR,Aqua Star brand deveined tail on butterfly shrimp is breaded with panko bread crumbs and par fried to create a crispy coconut shrimp.  Served with a sweet and spicy sauce that is perfect for dipping.,"- Sweet Chili Sauce included
- 28 to 32 Butterfly Shrimp
- Oven Ready","[{""Cut"":""Seafood""},{""Storage Type"":""Frozen""},{""Clearout Deal"":""No""},{""Lifestyle\/Dietary Need"":""""}]",https://i5.walmartimages.ca/images/Enlarge/464/137/6000201464137.jpg | https://i5.walmartimages.ca/images/Enlarge/464/152/6000201464152.jpg | https://i5.walmartimages.ca/images/Enlarge/549/882/6000201549882.jpg,3,Sold by Walmart,"Shrimp, Wheat Flour, Coconut Flake, Water, Soybean Oil, Modified tapioca Starch, Wheat Starch, Sugar, Modified Food Starch, Salt, Baking Powder, Yeast, Artificial Flavor, Sunflower Oil, Dextrose, Sodium Tripolyphosphate.  Sweet Chili Sauce - Sugar, Water, Vinegar, garlic, Chili, Salt, Modified Corn Starch, Xanthan Gum, Spice.  Allergen Warning: Contains shrimp, coconut, wheat and soy ingredients.  May contain sulfites.",,Add to Cart; Find in Store,3.5,2,,1
Walmart Canada,Drinks,Soft Drinks/Sodas,walmart.ca,https://www.walmart.ca/en/ip/crush-orange-355ml-cans-12-pack/6000196027132,,12x355mL,Walmart.ca > Household Supplies & Pantry > Drinks > Soft Drinks > Other Soft Drinks,Crush,"Crush Orange, 355ml Cans, 12 Pack",SKU:6000196027133,UPC:5600000683,ID:6000196027132,Walmart Item #:9238918,$5.47,,,,$0.13/100ML,"Orange Crush* is like drinking a party, wrapped in a brilliant burst of orange flavour! This 12-pack of 355 mL cans is a convenient format to treat your taste buds-and your friends-to a tidal wave of taste.","•12 x 355 mL cans of explosive orange taste
• 12 x 355 mL cans
• Intense burst of orange flavour
• The first in a family of fun flavours","[{""Flavour"":""Orange""},{""Singleserve"":""No""},{""Storage Type"":""Shelf""},{""Clearout Deal"":""No""},{""Lifestyle\/Dietary Need"":""No egg,No fish,No milk,No mustard,No sesame,No shellfish,No soy,No sulfite,No wheat,No lactose,Vegan-friendly,Vegetarian-friendly""}]",https://i5.walmartimages.ca/images/Enlarge/189/666/6000202189666.jpg | https://i5.walmartimages.ca/images/Enlarge/374/526/6000203374526.jpg | https://i5.walmartimages.ca/images/Enlarge/374/527/6000203374527.jpg | https://i5.walmartimages.ca/images/Enlarge/32_/nft/56000006832_NFT.jpg | https://i5.walmartimages.ca/images/Enlarge/32_/nft/56000006832_NFT.jpg,5,Sold by Walmart,"CARBONATED WATER, SUGAR/GLUCOSE-FRUCTOSE, CITRIC ACID, SODIUM BENZOATE, ACACIA GUM, NATURAL FLAVOUR, ESTER GUM, COLOUR, SALT, BROMINATED VEGETABLE OIL.","No egg,No fish,No milk,No mustard,No sesame,No shellfish,No soy,No sulfite,No wheat,No lactose,Vegan-friendly,Vegetarian-friendly",Add to Cart; Find in Store,4.8,22,,1
Walmart Canada,Frozen,Meatless Alternatives,walmart.ca,https://www.walmart.ca/en/ip/our-finest-cheddar-cheese-applewood-smoked-bacon-beef-burgers/6000196037797,,6 x 170 g,"Walmart.ca > Grocery > Frozen Food > Frozen Meat, Seafood & Alternatives > Frozen Beef",Our Finest,Our Finest Cheddar Cheese & Applewood Smoked Bacon Beef Burgers,SKU:6000196037798,UPC:62891517363,ID:6000196037797,Walmart Item #:31110461,$12.97,,,,$0.01/1GR,"Made from 100% ground beef, the Our Finest butcher’s style texture of this juicy burger envelops the rich ﬂavours of cheddar cheese and applewood smoked bacon for a succulent, homestyle experience right o° your grill. Our Finest –premium quality ingredients and the best we have to offer, from our table to yours.",,"[{""Cut"":""Burgers""},{""Product Type"":""Beef""},{""Storage Type"":""Frozen""},{""Walmart Exclusive"":""Yes""},{""Clearout Deal"":""No""},{""Lifestyle\/Dietary Need"":""""}]",https://i5.walmartimages.ca/images/Enlarge/173/635/628915173635.jpg | https://i5.walmartimages.ca/images/Enlarge/363/5_1/628915173635_1.jpg | https://i5.walmartimages.ca/images/Enlarge/35_/nft/628915173635_NFT.jpg,3,Sold by Walmart,"Beef, water, cheddar cheese ( pasteurized milk, modified milk ingredients, bacterial culture, salt, calcium chloride, microbial enzyme, colour, cellulose, natamycin ), applewood smoked bacon, process cheese product (cheese [milk, modified milk ingredients, cream, bacterial culture, salt, microbial enzyme, calcium chloride, colour], modified milk ingredients, water, gelatin, sodium phosphates, potassium sorbate, colour powered cellulose). Toasted wheat crumbs, salt, sugar, onion powder, smoke flavor, flavours, spice extracts, garlic extract. Contains: milk, wheat. May contain: mustard",,Add to Cart; Find in Store,4.5,109,,
Walmart Canada,Drinks,Soft Drinks/Sodas,walmart.ca,https://www.walmart.ca/en/ip/pepsi-cola-2l-bottle/6000016941356,,2L,Walmart.ca > Household Supplies & Pantry > Drinks > Soft Drinks > Cola,Pepsi,"Pepsi Cola, 2L Bottle",SKU:206932,UPC:6900000261,ID:6000016941356,Walmart Item #:9238890,$1.97,,,,$0.1/100ML,"Pepsi® soft drink is a bold, refreshing, robust cola. Perfect for parties, meals and celebrations big and small. This 2 L bottle is ideal for sharing with family and friends.","•Bold, refreshing, great tasting cola.
•Perfect for any occasion or celebration
•2 L bottle is ideal for sharing with family and friends.
•","[{""Flavour"":""Cola""},{""Singleserve"":""No""},{""Storage Type"":""Shelf""},{""Clearout Deal"":""No""},{""Lifestyle\/Dietary Need"":""No egg,No fish,No milk,No mustard,No sesame,No shellfish,No soy,No sulfite,No wheat,No lactose,Kosher,Vegan-friendly,Vegetarian-friendly""}]",https://i5.walmartimages.ca/images/Enlarge/002/612/999999-69000002612.jpg | https://i5.walmartimages.ca/images/Enlarge/929/563/6000201929563.jpg | https://i5.walmartimages.ca/images/Enlarge/849/623/6000201849623.jpg | https://i5.walmartimages.ca/images/Enlarge/374/556/6000203374556.jpg | https://i5.walmartimages.ca/images/Enlarge/374/556/6000203374556.jpg,5,Sold by Walmart,"CARBONATED WATER, GLUCOSE-FRUCTOSE AND/OR SUGAR, CARAMEL COLOUR, PHOSPHORIC ACID, CAFFEINE, CITRIC ACID, NATURAL FLAVOUR.","No egg,No fish,No milk,No mustard,No sesame,No shellfish,No soy,No sulfite,No wheat,No lactose,Kosher,Vegan-friendly,Vegetarian-friendly",Add to Cart; Find in Store,3,2,,3
Walmart Canada,Drinks,Soft Drinks/Sodas,walmart.ca,https://www.walmart.ca/en/ip/great-value-diet-cola/6000152506466,,2 L,Walmart.ca > Grocery > Drinks > Soft Drinks > Diet Soft Drinks,Great Value,Great Value Diet Cola,SKU:10302854,UPC:60538887215,ID:6000152506466,Walmart Item #:9217368,$0.97,,,,$0.05/100ML,Great Value Diet Cola is fantastically fizzy and full of classic flavour. Simply crack open a bottle and pour over ice for a refreshing drink that’s calorie free and soda-licious.,"\u003Cp>Ingredients: carbonated water, colour, phosphoric acid, potassium benzoate, sucralose 54 mg/ 355mL, natural flavour, caffeine, acesulfame-potassium 24mg/ 355mL, citric acid.\u003C/p>\u003Cp>Assembled product dimensions: L 17.50 inches x W 9.00 inches x H 12.00 inches x W 37.10 pounds\u003C/p>","[{""Assembled Length"":""17.5 in""},{""Assembled Height"":""12 in""},{""Assembled Weight"":""37.1 lb""},{""Assembled Width"":""9 in""},{""Flavour"":""Cola""},{""Singleserve"":""No""},{""Walmart Exclusive"":""Yes""},{""Clearout Deal"":""No""},{""Lifestyle\/Dietary Need"":""Kosher,No added sugars,Vegan-friendly,Vegetarian-friendly""}]",https://i5.walmartimages.ca/images/Enlarge/872/159/605388872159.jpg | https://i5.walmartimages.ca/images/Enlarge/59_/nft/605388872159_NFT.jpg | https://i5.walmartimages.ca/images/Enlarge/59_/nft/605388872159_NFT.jpg,3,Sold by Walmart,,"Kosher,No added sugars,Vegan-friendly,Vegetarian-friendly",Add to Cart; Find in Store,3.7,7,,1
Walmart Canada,Drinks,Soft Drinks/Sodas,walmart.ca,https://www.walmart.ca/en/ip/pepsi-zero-sugar-cola-355ml-cans-12-pack/6000016946983,,12x355mL,Walmart.ca > Household Supplies & Pantry > Drinks > Soft Drinks > Diet Cola,Pepsi,"Pepsi Zero Sugar Cola, 355ml Cans, 12 Pack",SKU:206935,UPC:6900001371,ID:6000016946983,Walmart Item #:9271639,$5.47,,,,$0.13/100ML,Pepsi® Zero Sugar soft drink provides the bold taste of Pepsi® cola with zero sugar and zero calories. This 12-pack of 355 mL cans is ideal for sharing with family and friends.,"•Pepsi® Zero Sugar cola
•Maximum taste of Pepsi® cola with zero sugar or calories.
•Perfect for any occasion or celebration.
•This 12-pack of 355 mL cans is ideal for sharing with family and friends.","[{""Flavour"":""Cola""},{""Singleserve"":""No""},{""Storage Type"":""Shelf""},{""Clearout Deal"":""No""},{""Lifestyle\/Dietary Need"":""No egg,No fish,No milk,No mustard,No sesame,No shellfish,No soy,No sulfite,No wheat,No lactose,Kosher,No added sugars,Vegan-friendly,Vegetarian-friendly""}]",https://i5.walmartimages.ca/images/Enlarge/013/717/999999-69000013717.jpg | https://i5.walmartimages.ca/images/Enlarge/914/972/6000201914972.jpg | https://i5.walmartimages.ca/images/Enlarge/914/973/6000201914973.jpg | https://i5.walmartimages.ca/images/Enlarge/374/619/6000203374619.jpg | https://i5.walmartimages.ca/images/Enlarge/17_/nft/69000013717_NFT.jpg | https://i5.walmartimages.ca/images/Enlarge/17_/nft/69000013717_NFT.jpg,6,Sold by Walmart,"CARBONATED WATER, CARAMEL COLOUR, PHOSPHORIC ACID, ASPARTAME (124 mg/355 mL, CONTAINS PHENYLALANINE), CAFFEINE, POTASSIUM SORBATE, NATURAL FLAVOUR, ACESULFAME POTASSIUM (32 mg/355 mL), CITRIC ACID, PANAX GINSENG ROOT EXTRACT.","No egg,No fish,No milk,No mustard,No sesame,No shellfish,No soy,No sulfite,No wheat,No lactose,Kosher,No added sugars,Vegan-friendly,Vegetarian-friendly",Add to Cart; Find in Store,5,1,,
Walmart Canada,Drinks,Soft Drinks/Sodas,walmart.ca,https://www.walmart.ca/en/ip/7up-zero-soft-drink-2-l-bottle/6000017348363,,2L,Walmart.ca > Household Supplies & Pantry > Drinks > Soft Drinks > Diet Soft Drinks,7UP,"7UP Zero Soft Drink, 2 L Bottle",SKU:10035575,UPC:6540000074,ID:6000017348363,Walmart Item #:9219122,$1.97,,,,$0.1/100ML,"7UP® Zero is a refreshing lemon lime carbonated soft drink with zero calories per can. It is a clear, caffeine free beverage made with real lemon and lime flavour. This 2 L bottle is perfect for sharing with friends and family.","• 100% Natural Flavours
• Caffeine Free
• A zero calorie clear soda","[{""Flavour"":""Citrus""},{""Singleserve"":""No""},{""Storage Type"":""Shelf""},{""Clearout Deal"":""No""},{""Lifestyle\/Dietary Need"":""No egg,No fish,No milk,No mustard,No sesame,No shellfish,No soy,No sulfite,No wheat,No lactose,Kosher,No added sugars,Vegan-friendly,Vegetarian-friendly""}]",https://i5.walmartimages.ca/images/Enlarge/000/746/999999-65400000746.jpg | https://i5.walmartimages.ca/images/Enlarge/074/6_1/999999-65400000746_1.jpg | https://i5.walmartimages.ca/images/Enlarge/844/462/6000201844462.jpg | https://i5.walmartimages.ca/images/Enlarge/394/366/6000202394366.jpg | https://i5.walmartimages.ca/images/Enlarge/394/367/6000202394367.jpg | https://i5.walmartimages.ca/images/Enlarge/46_/nft/65400000746_NFT.jpg | https://i5.walmartimages.ca/images/Enlarge/46_/nft/65400000746_NFT.jpg,7,Sold by Walmart,"CARBONATED WATER, CITRIC ACID, NATURAL FLAVORS, MALIC ACID, SODIUM CITRATE, ASPARTAME (124MG/355ML, CONTAINS PHENYLALANINE), SODIUM BENZOATE, ACESULFAME POTASSIUM (32MG/355ML)","No egg,No fish,No milk,No mustard,No sesame,No shellfish,No soy,No sulfite,No wheat,No lactose,Kosher,No added sugars,Vegan-friendly,Vegetarian-friendly",Add to Cart; Find in Store,5,1,,
Walmart Canada,Drinks,Soft Drinks/Sodas,walmart.ca,https://www.walmart.ca/en/ip/diet-coke-caffeine-free-355ml-cans-12-pack/6000130571227,,12 x 355 mL,Walmart.ca > Household Supplies & Pantry > Drinks > Soft Drinks > Diet Cola,Diet Coke,"Diet Coke Caffeine Free 355mL Cans, 12 Pack",SKU:10277484,UPC:6700010486,ID:6000130571227,Walmart Item #:30682331,$5.47,,,,$0.13/100ML,"Crisp, cold, and reliable, this is your everyday wing (wo)man—Diet Coke Caffeine Free. Your deliciously fizzy go-to companion. This is the kind of sugar-free soda that you want throughout your day. Whether you’re looking for a refreshing start to your day, or to refresh your afternoon. You'll never be lost with a caffeine-free soda.
  
A Diet Coke Caffeine Free always hits the spot. Alongside meals, celebrations, or just your friends in your backyard, at any time of day. In fact, it’s basically a friend itself. Because it’s the best kind of familiar, and something you never have to second guess. You trust it, and it’s always there for you whenever you want it. 
 
With no caffeine added, Diet Coke Caffeine Free has a crisp, cold taste that gets you excited. And if you’re looking to delight your taste buds even more, there’s a host of different Diet Coke flavours to satisfy your taste-buds. Really, it’s just the diet cola you know you can turn to, no matter what you’re looking for. 
 
So when you want a diet soda, think Diet Coke. Because Diet Coke is an original, just like you. Oh yeah, and it’s incredibly refreshing. Always.","A delicious, crisp, sparkling cola that gives you the refreshment you want
No Calories, sugar-free
Caffeine free, because we know not everyone drinks caffeine
355 mL per can of diet soda
Your perfect everyday pleasure","[{""Flavour"":""Cola""},{""Singleserve"":""No""},{""Storage Type"":""Refrigerate""},{""Clearout Deal"":""No""},{""Lifestyle\/Dietary Need"":""No egg,No fish,No milk,No mustard,No sesame,No shellfish,No soy,No sulfite,No wheat,No lactose,No added sugars,Vegan-friendly,Vegetarian-friendly""}]",https://i5.walmartimages.ca/images/Enlarge/155/466/155466.jpg | https://i5.walmartimages.ca/images/Enlarge/546/6_1/155466_1.jpg | https://i5.walmartimages.ca/images/Enlarge/546/6_2/155466_2.jpg | https://i5.walmartimages.ca/images/Enlarge/192/710/6000200192710.jpg | https://i5.walmartimages.ca/images/Enlarge/192/592/6000200192592.jpg | https://i5.walmartimages.ca/images/Enlarge/162/362/6000200162362.jpg | https://i5.walmartimages.ca/images/Enlarge/192/695/6000200192695.jpg | https://i5.walmartimages.ca/images/Enlarge/192/622/6000200192622.jpg | https://i5.walmartimages.ca/images/Enlarge/192/696/6000200192696.jpg | https://i5.walmartimages.ca/images/Enlarge/62_/nft/67000104862_NFT.jpg | https://i5.walmartimages.ca/images/Enlarge/62_/nft/67000104862_NFT.jpg,11,Sold by Walmart,"CARBONATED WATER, CARAMEL COLOUR, PHOSPHORIC AND CITRIC ACID, ASPARTAME (CONTAINS PHENYLALANINE), FLAVOUR, SODIUM BENZOATE, ACESULFAME-POTASSIUM.","No egg,No fish,No milk,No mustard,No sesame,No shellfish,No soy,No sulfite,No wheat,No lactose,No added sugars,Vegan-friendly,Vegetarian-friendly",Add to Cart; Find in Store,3,2,,
Walmart Canada,Drinks,Coffee,walmart.ca,https://www.walmart.ca/en/ip/tim-hortons-original-blend-whole-bean-coffee/6000194640059,,300 g,Walmart.ca > Household Supplies & Pantry > Drinks > Coffee > Coffee Beans,Tim Hortons,Tim Hortons Original Blend Whole Bean Coffee,SKU:6000194640060,UPC:6320908394,ID:6000194640059,Walmart Item #:31167233,$7.78,,,,$2.59/100GR,"Since 1964, we have been committed to serving a great cup of coffee. The signature flavour in every cup of Tim Hortons Original Blend Coffee is created using our own unique blend of 100% Arabica beans. Selected from the world's most renowned coffee growing regions, our beans are expertly blended and roasted with care to deliver that consistent Tim Hortons taste every time. Our premium blend of 100% Arabica beans delicately roasted for a nicely balanced cup of coffee.","DIRECTIONS:
• Grind beans just prior to brewing for maximum freshness
• For best results, measure two (2) level tablespoons of Tim Hortons coffee for every 250 mL (8 oz) of fresh cold water
• Water and coffee maker conditions may vary
• Adjust to taste
• Once opened seal tightly and store in a cool dry place
• For optimal freshness use within 2 weeks
• For use in automatic filter coffee makers","[{""Flavour"":""Other""},{""Product Type"":""Other""},{""Decaffeinated"":""No""},{""Singleserve"":""No""},{""Storage Type"":""Shelf""},{""Clearout Deal"":""No""},{""Lifestyle\/Dietary Need"":""No egg,No fish,No milk,No mustard,No sesame,No shellfish,No soy,No sulfite,No wheat,No lactose,No artificials,No added sugars,Paleo-friendly,Vegan-friendly,Vegetarian-friendly,Whole30-friendly""}]",https://i5.walmartimages.ca/images/Enlarge/075/848/6000201075848.jpg,1,Sold by Walmart,Arabica coffee.,"No egg,No fish,No milk,No mustard,No sesame,No shellfish,No soy,No sulfite,No wheat,No lactose,No artificials,No added sugars,Paleo-friendly,Vegan-friendly,Vegetarian-friendly,Whole30-friendly",Add to Cart; Find in Store,4.5,28,,
Walmart Canada,Drinks,Soft Drinks/Sodas,walmart.ca,https://www.walmart.ca/en/ip/7up-soft-drink-355-ml-cans-12-pack/6000094050827,,12x355mL,Walmart.ca > Household Supplies & Pantry > Drinks > Soft Drinks > Other Soft Drinks,7UP,"7UP Soft Drink, 355 mL Cans, 12 Pack",SKU:10211637,UPC:6540000159,ID:6000094050827,Walmart Item #:9239044,$5.47,,,,$0.13/100ML,"7UP® is a refreshing lemon lime carbonated soft drink. It is a clear, caffeine free beverage made with real lemon and lime flavour. This 12-pack of 355 mL cans is perfect for sharing with friends and family.","• Refreshing lemon and lime flavours
• 100% Natural Flavours
• Caffeine Free","[{""Flavour"":""Citrus""},{""Singleserve"":""No""},{""Storage Type"":""Shelf""},{""Clearout Deal"":""No""},{""Lifestyle\/Dietary Need"":""No egg,No fish,No milk,No mustard,No sesame,No shellfish,No soy,No sulfite,No wheat,No lactose,No artificials,Kosher,Vegan-friendly,Vegetarian-friendly""}]",https://i5.walmartimages.ca/images/Enlarge/146/383/146383.jpg | https://i5.walmartimages.ca/images/Enlarge/844/442/6000201844442.jpg | https://i5.walmartimages.ca/images/Enlarge/929/787/6000201929787.jpg | https://i5.walmartimages.ca/images/Enlarge/844/467/6000201844467.jpg | https://i5.walmartimages.ca/images/Enlarge/374/575/6000203374575.jpg | https://i5.walmartimages.ca/images/Enlarge/374/577/6000203374577.jpg | https://i5.walmartimages.ca/images/Enlarge/374/577/6000203374577.jpg,7,Sold by Walmart,"CARBONATED WATER, GLUCOSE-FRUCTOSE AND/OR SUGAR, CITRIC ACID, NATURAL FLAVOURS, MALIC ACID, SODIUM CITRATE, SODIUM BENZOATE.","No egg,No fish,No milk,No mustard,No sesame,No shellfish,No soy,No sulfite,No wheat,No lactose,No artificials,Kosher,Vegan-friendly,Vegetarian-friendly",Add to Cart; Find in Store,4.6,21,,
Walmart Canada,Drinks,Soft Drinks/Sodas,walmart.ca,https://www.walmart.ca/en/ip/crush-cream-soda-12-x-355-ml-cans/6000196027135,,12x355mL,Walmart.ca > Household Supplies & Pantry > Drinks > Soft Drinks > Other Soft Drinks,Crush,"Crush Cream Soda, 12 x 355 mL cans",SKU:6000196027136,UPC:5600000685,ID:6000196027135,Walmart Item #:9238974,$5.47,,,,$0.13/100ML,"Crush* Cream Soda treats you to a dreamy, creamy burst of flavour and tongue-tickling bubbles. This convenient 12-pack of 355 mL cans is the perfect size for sharing a daydreaming taste treat.","• 12 x 355 mL cans
• Dreamy, creamy flavour
• Part of the Crush* family of fun flavours","[{""Flavour"":""Cream Soda""},{""Singleserve"":""No""},{""Storage Type"":""Shelf""},{""Clearout Deal"":""No""},{""Lifestyle\/Dietary Need"":""No egg,No fish,No milk,No mustard,No sesame,No shellfish,No soy,No sulfite,No wheat,No lactose,Vegan-friendly,Vegetarian-friendly""}]",https://i5.walmartimages.ca/images/Enlarge/006/856/999999-56000006856.jpg | https://i5.walmartimages.ca/images/Enlarge/189/751/6000202189751.jpg | https://i5.walmartimages.ca/images/Enlarge/394/322/6000202394322.jpg | https://i5.walmartimages.ca/images/Enlarge/394/324/6000202394324.jpg | https://i5.walmartimages.ca/images/Enlarge/56_/nft/56000006856_NFT.jpg | https://i5.walmartimages.ca/images/Enlarge/56_/nft/56000006856_NFT.jpg,6,Sold by Walmart,"CARBONATED WATER, SUGAR/GLUCOSE-FRUCTOSE, CITRIC ACID, SODIUM BENZOATE, ARTIFICIAL FLAVOUR, COLOUR, QUILLAIA EXTRACT.","No egg,No fish,No milk,No mustard,No sesame,No shellfish,No soy,No sulfite,No wheat,No lactose,Vegan-friendly,Vegetarian-friendly",Add to Cart; Find in Store,4.6,21,,1
Walmart Canada,Drinks,Coffee,walmart.ca,https://www.walmart.ca/en/ip/our-finest-canadian-blend-light-medium-roast-coffee/6000200166182,,340 g,Walmart.ca > Household Supplies & Pantry > Drinks > Coffee > Ground Coffee,Our Finest,Our Finest Canadian Blend Light-Medium Roast Coffee,SKU:6000200166183,UPC:62891582907,ID:6000200166182,Walmart Item #:30679577,$5.94,,,,$1.75/100GR,Our Finest Ground Coffee,"• Canadian blend
• Light medium roast coffee
• 100 % arabica coffee","[{""Product Type"":""Dark Roast""},{""Decaffeinated"":""No""},{""Singleserve"":""No""},{""Storage Type"":""Shelf""},{""Walmart Exclusive"":""Yes""},{""Clearout Deal"":""No""},{""Lifestyle\/Dietary Need"":""No artificials,Kosher,No added sugars,Paleo-friendly,Vegan-friendly,Vegetarian-friendly,Whole30-friendly""}]",https://i5.walmartimages.ca/images/Enlarge/829/075/628915829075.jpg,1,Sold by Walmart,Not Applicable,"No artificials,Kosher,No added sugars,Paleo-friendly,Vegan-friendly,Vegetarian-friendly,Whole30-friendly",Add to Cart; Find in Store,3.5,2,,
Walmart Canada,Drinks,Coffee,walmart.ca,https://www.walmart.ca/en/ip/tim-hortons-hazelnut-light-medium-roast-coffee/6000196692538,,"12 Servings, 120 g",Walmart.ca > Household Supplies & Pantry > Drinks > Coffee > Coffee Pods,Tim Hortons,Tim Hortons Hazelnut Light Medium Roast Coffee,SKU:6000196692539,UPC:6320909601,ID:6000196692538,Walmart Item #:30257021,$9.98,,,,$0.83/1EA,Roasted with care. Tim Hortons Hazelnut Coffee is created from our own unique blend of 100% Arabica beans and a hint of buttery hazelnut flavor. This premium coffee is blended and roasted with care to deliver the consistent taste of Tim Hortons with a balanced sweetness and smooth finish every time.,,"[{""Product Type"":""Light Roast""},{""Decaffeinated"":""No""},{""Singleserve"":""No""},{""Storage Type"":""Shelf""},{""Clearout Deal"":""No""},{""Lifestyle\/Dietary Need"":""No egg,No fish,No milk,No mustard,No sesame,No shellfish,No soy,No sulfite,No wheat,No lactose,No added sugars,Vegan-friendly,Vegetarian-friendly""}]",https://i5.walmartimages.ca/images/Enlarge/089/178/6000201089178.jpg | https://i5.walmartimages.ca/images/Enlarge/559/070/6000199559070.jpg | https://i5.walmartimages.ca/images/Enlarge/559/071/6000199559071.jpg,3,Sold by Walmart,"Arabica coffee, Artificial flavours.","No egg,No fish,No milk,No mustard,No sesame,No shellfish,No soy,No sulfite,No wheat,No lactose,No added sugars,Vegan-friendly,Vegetarian-friendly",Add to Cart; Find in Store,4.5,8,,
Walmart Canada,Drinks,Coffee,walmart.ca,https://www.walmart.ca/en/ip/great-value-keurig-recyclable-k-cup-pod-variety-pack/6000201023084,,48 count boxes,Walmart.ca > Household Supplies & Pantry > Drinks > Coffee > Coffee Pods,Great Value,Great Value Keurig Recyclable K-Cup Pod Variety Pack,SKU:6000201023085,UPC:68113134054,ID:6000201023084,Walmart Item #:30352020,$16.94,,,,,Great Value Keurig® Recyclable K-Cup® Pod 48 count Variety Pack. Not sure which coffee strength you would like? Try our variety pack that presents 3 coffee strengths.,"• 12 Light Roast
• 20 Medium Roast
• 16 Dark Roast","[{""Product Type"":""Pods""},{""Decaffeinated"":""No""},{""Singleserve"":""No""},{""Storage Type"":""Shelf""},{""Walmart Exclusive"":""Yes""},{""Clearout Deal"":""No""},{""Lifestyle\/Dietary Need"":""No artificials,Kosher,No added sugars,Paleo-friendly,Vegan-friendly,Vegetarian-friendly,Whole30-friendly""}]",https://i5.walmartimages.ca/images/Enlarge/261/898/6000201261898.jpg | https://i5.walmartimages.ca/images/Enlarge/054/0_1/681131340540_1.jpg | https://i5.walmartimages.ca/images/Enlarge/054/0_2/681131340540_2.jpg,3,Sold by Walmart,Not Applicable,"No artificials,Kosher,No added sugars,Paleo-friendly,Vegan-friendly,Vegetarian-friendly,Whole30-friendly",Add to Cart; Find in Store,0,,,
Walmart Canada,Drinks,Coffee,walmart.ca,https://www.walmart.ca/en/ip/folgers-classic-roast-ground-coffee-920g/6000016949483,,920 g,Walmart.ca > Household Supplies & Pantry > Drinks > Coffee > Ground Coffee,Folgers,Folgers Classic Roast Ground Coffee 920g,SKU:205588,UPC:2550000198,ID:6000016949483,Walmart Item #:9280830,$8.97,,,,$0.98/100GR,"Start your mornings with the smooth taste and eye-opening aroma of Folgers Ground Coffees. Enjoy our signature coffee blend - Folgers Classic Roast. A medium roast coffee specially ground for a smooth, balanced taste and aroma. Folgers is an iconic brand that has been brewing great-tasting coffee for over 165 years. Savour the fresh aroma of a perfectly brewed cup of Folgers Coffee.","• Enjoy your mornings with our Signature Blend of Coffee.
• Medium Roast blend with smooth, balanced taste.
• Folgers is an iconic brand that has been brewing great-tasting coffee for over 165 years.
• Made from Pure 100% Coffee 
• Savour the fresh aroma of a perfectly brewed cup of Folgers Coffee","[{""Flavour"":""Columbian""},{""Product Type"":""Medium Roast""},{""Decaffeinated"":""No""},{""Singleserve"":""No""},{""Storage Type"":""Shelf""},{""Clearout Deal"":""No""},{""Lifestyle\/Dietary Need"":""No egg,No fish,No milk,No mustard,No sesame,No shellfish,No soy,No sulfite,No wheat,No lactose,No artificials,Kosher,No added sugars,Paleo-friendly,Vegan-friendly,Vegetarian-friendly,Whole30-friendly""}]",https://i5.walmartimages.ca/images/Enlarge/595/311/6000198595311.jpg | https://i5.walmartimages.ca/images/Enlarge/609/505/6000197609505.jpg | https://i5.walmartimages.ca/images/Enlarge/609/424/6000197609424.jpg | https://i5.walmartimages.ca/images/Enlarge/595/315/6000198595315.jpg | https://i5.walmartimages.ca/images/Enlarge/595/318/6000198595318.jpg | https://i5.walmartimages.ca/images/Enlarge/595/320/6000198595320.jpg | https://i5.walmartimages.ca/images/Enlarge/595/321/6000198595321.jpg | https://i5.walmartimages.ca/images/Enlarge/595/322/6000198595322.jpg,8,Sold by Walmart,100% PURE COFFEE,"No egg,No fish,No milk,No mustard,No sesame,No shellfish,No soy,No sulfite,No wheat,No lactose,No artificials,Kosher,No added sugars,Paleo-friendly,Vegan-friendly,Vegetarian-friendly,Whole30-friendly",Add to Cart; Find in Store,4.8,5446,,1
Walmart Canada,Frozen,Pizzas,walmart.ca,https://www.walmart.ca/en/ip/pillsbury-pizza-bites-pepperoni/6000196713008,,693 g,Walmart.ca > Grocery > Frozen Food > Frozen Pizza,Pillsbury,Pillsbury Pizza Bites Pepperoni,SKU:6000196713009,UPC:6905247765,ID:6000196713008,Walmart Item #:30222270,$5.97,,,,$0.86/100GR,Bite-sized pizza goodness for a serious way to satisfy your pizza craving! Packed with pizza goodness for a serious way to satisfy everyone’s pizza craving! Serve it at any get together or party!,"• Less time in the kitchen means more time with family!
• The perfect after-school snack for kids!
• Ready in minutes!
• Available in 2 classic pizza flavours: Cheese and Pepperoni
• Want more pizza goodness? Also try our line of Pizza Pops","[{""Product Type"":""Pepperoni""},{""Storage Type"":""Frozen""},{""Lifestyle\/Dietary Need"":""No egg,No fish,No sesame,No shellfish,No sulfite,No artificials""}]",https://i5.walmartimages.ca/images/Enlarge/728/079/6000196728079.jpg | https://i5.walmartimages.ca/images/Enlarge/197/260/6000199197260.jpg | https://i5.walmartimages.ca/images/Enlarge/197/296/6000199197296.jpg | https://i5.walmartimages.ca/images/Enlarge/779/125/6000201779125.jpg | https://i5.walmartimages.ca/images/Enlarge/779/129/6000201779129.jpg | https://i5.walmartimages.ca/images/Enlarge/728/082/6000196728082.jpg,6,Sold by Walmart,"ENRICHED WHEAT FLOUR, WATER, COOKED PEPPERONI (PORK, MECHANICALLY SEPARATED CHICKEN, WATER, MODIFIED CORN STARCH, SEASONING [SALT, SPICES INCLUDING MUSTARD, SUGAR, GARLIC POWDER, MALTODEXTRIN, NATURAL FLAVOUR, NATURAL SMOKE FLAVOUR], SODIUM PHOSPHATE, CITRIC ACID, SODIUM ASCORBATE, SODIUM NITRITE), PART SKIM MOZZARELLA CHEESE, TOMATO PASTE, HIGH MONOUNSATURATED CANOLA OIL, MODIFIED CORN STARCH, SUGAR, SALT, MODIFIED MILK INGREDIENT, DEFATTED SOY FLOUR, DRIED ONION, SPICES, METHYLCELLULOSE, CITRIC ACID, DEXTROSE, MALTODEXTRIN, GARLIC EXTRACT, NATURAL FLAVOUR, CORN STARCH. CONTAINS WHEAT, MILK, SOY AND MUSTARD INGREDIENTS.","No egg,No fish,No sesame,No shellfish,No sulfite,No artificials",Not Sold;,3.8,4,,
Walmart Canada,Drinks,Soft Drinks/Sodas,walmart.ca,https://www.walmart.ca/en/ip/pepsi-cola-710ml-bottles-6-pack/6000188741862,,6x710ml,Walmart.ca > Household Supplies & Pantry > Drinks > Soft Drinks > Cola,Pepsi,"Pepsi cola, 710mL Bottles, 6 Pack",SKU:6000188741863,UPC:6900000984,ID:6000188741862,Walmart Item #:9238078,$3.97,,,,$0.09/100ML,"Pepsi® soft drink is a bold, refreshing, robust cola. Perfect for parties, meals and celebrations big and small. This 6-pack of 710 mL bottles is ideal for sharing with family and friends.","• Pepsi® soft drink
•Bold, refreshing, great tasting cola.
•Perfect for any occasion or celebration
•6-pack of 710 mL bottles is ideal for sharing with family and friends.","[{""Flavour"":""Cola""},{""Singleserve"":""No""},{""Storage Type"":""Shelf""},{""Clearout Deal"":""No""},{""Lifestyle\/Dietary Need"":""No egg,No fish,No milk,No mustard,No sesame,No shellfish,No soy,No sulfite,No wheat,No lactose,Kosher,Vegan-friendly,Vegetarian-friendly""}]",https://i5.walmartimages.ca/images/Enlarge/009/840/999999-69000009840.jpg | https://i5.walmartimages.ca/images/Enlarge/849/706/6000201849706.jpg | https://i5.walmartimages.ca/images/Enlarge/984/0_1/999999-69000009840_1.jpg | https://i5.walmartimages.ca/images/Enlarge/374/580/6000203374580.jpg | https://i5.walmartimages.ca/images/Enlarge/40_/nft/69000009840_NFT.jpg | https://i5.walmartimages.ca/images/Enlarge/40_/nft/69000009840_NFT.jpg,6,Sold by Walmart,"CARBONATED WATER, GLUCOSE-FRUCTOSE AND/OR SUGAR, CARAMEL COLOUR, PHOSPHORIC ACID, CAFFEINE, CITRIC ACID, NATURAL FLAVOUR.","No egg,No fish,No milk,No mustard,No sesame,No shellfish,No soy,No sulfite,No wheat,No lactose,Kosher,Vegan-friendly,Vegetarian-friendly",Add to Cart; Find in Store,4.7,736,,
Walmart Canada,Frozen,Pizzas,walmart.ca,https://www.walmart.ca/en/ip/dr-oetker-giuseppe-pizzeria-thin-crust-pepperoni-pizza/6000194425224,,480 g,Walmart.ca > Grocery > Frozen Food > Frozen Pizza,Dr.Oetker,Dr. Oetker Giuseppe Pizzeria Thin Crust Pepperoni Pizza,SKU:6000194425225,UPC:5833635030,ID:6000194425224,Walmart Item #:31164898,$5.97,,,,$1.24/100GR,"Dr. Oetker Giuseppe Pizzeria Thin Crust Pepperoni is made with real pizzeria inspired tomato sauce and mozzarella and finished with mouth-watering pepperoni.
• Made with mozzarella cheese
• Topped with pepperoni
• Cook Time: 17-18 minutes 
•  Made in Canada from domestic and imported ingredients",Made in Canada,"[{""Product Type"":""Pepperoni""},{""Storage Type"":""Frozen""},{""Clearout Deal"":""No""},{""Lifestyle\/Dietary Need"":""No egg,No fish,No sesame,No shellfish,No sulfite""}]",https://i5.walmartimages.ca/images/Enlarge/350/306/999999-58336350306.jpg,1,Sold by Walmart,"CRUST : ENRICHED WHEAT FLOUR, WATER, WHEAT GLUTEN, SOYA  AND/OR CANOLA OIL, YEAST, VEGETABLE OIL SHORTENING (PALM, SOYA, COTTONSEED AND CANOLA OIL), SUGAR, BAKING POWDER, SOY LECITHIN, SALT, NATURAL FLAVOUR CHEESE : MOZZARELLA (MILK INGREDIENTS, MODIFIED MILK INGREDIENTS, BACTERIAL CULTURE, SALT, CALCIUM CHLORIDE, MICROBIAL ENZYME), CORN STARCH SAUCE : WATER, TOMATO PUREE, TOMATO PASTE, SUGAR, CORN STARCH, SALT, SPICES (MUSTARD) AND HERBS, GARLIC POWDER, ONION POWDER TOPPING. PEPPERONI (PORK AND/OR BEEF, WATER, SALT, SPICES (MUSTARD), SUGAR, SMOKE FLAVOUR, SODIUM ERYTHOBATE, GARLIC POWDER, BACTERIAL CULTURE, SODIUM NITRITE) CONTAINS : WHEAT, MILK, SOY, MUSTARD","No egg,No fish,No sesame,No shellfish,No sulfite",Add to Cart; Find in Store,3,1,,
Walmart Canada,Frozen,Pizzas,walmart.ca,https://www.walmart.ca/en/ip/great-value-thin-crust-chicken-bruschetta-pizza/6000199207127,,385 g,Walmart.ca > Grocery > Frozen Food > Frozen Pizza,Great Value,Great Value Thin Crust Chicken Bruschetta Pizza,SKU:6000199207128,UPC:62891582895,ID:6000199207127,Walmart Item #:30747875,$3.27,,,,$327/100GR,"No matter how you slice it, Great Value Thin Crust Chicken Bruschetta Pizza delivers outstanding flavour and incredible quality in every box. Enjoy every delicious bite of this thin and crispy pizza topped with tomato sauce, mozzarella and parmesan cheeses, chicken breast, and tomatoes seasoned with basil and garlic. Pizza night has never been so easy!","• Made with mozzarella & parmesan cheeses, chicken breast & tomatoes seasoned with basil & garlic
• Cook time: 13 minutes
• Made in Canada from domestic and imported ingredients
• Free from artificial flavours and colours","[{""Product Type"":""Meat""},{""Storage Type"":""Frozen""},{""Walmart Exclusive"":""Yes""},{""Clearout Deal"":""No""},{""Lifestyle\/Dietary Need"":""No artificials""}]",https://i5.walmartimages.ca/images/Enlarge/794/954/6000199794954.jpg | https://i5.walmartimages.ca/images/Enlarge/895/5_1/628915828955_1.jpg | https://i5.walmartimages.ca/images/Enlarge/55_/nft/628915828955_NFT.jpg,3,Sold by Walmart,"Crust: enriched wheat flour, water, canola oil, yeast, sugar, salt, guar gum. Toppings: mozzarella cheese (part skim milk, modified milk ingredients, bacterial culture, salt, calcium chloride, microbial enzyme), chicken breast, seasoned tomatoes (tomatoes, basil, extra virgin olive oil, salt, garlic powder, dried oregano), onions, parmesan cheese (milk, bacterial culture, salt, lipase, calcium chloride, microbial enzyme, powdered cellulose). Sauce: water, crushed tomatoes, extra virgin olive oil, sugar, salt, garlic powder, vinegar, spice, onion powder.Contains: milk, wheat. May contain: eggs, soy, mustard.",No artificials,Add to Cart; Find in Store,5,1,,
Walmart Canada,Frozen,Pizzas,walmart.ca,https://www.walmart.ca/en/ip/delissio-pizzeria-3-meat-pizza/6000195442538,,581 GR,Walmart.ca > Grocery > Frozen Food > Frozen Pizza,Delissio,DELISSIO Pizzeria 3 Meat Pizza,SKU:6000195442539,UPC:7192116020,ID:6000195442538,Walmart Item #:30875837,$5.44,,,,$0.94/100GR,"Elevate your pizza night with DELISSIO Pizzeria 3 Meat Pizza (581g). There's nothing quite like true Italian pizza. Inspired by their passion for quality ingredients and traditional recipes, each bite is loaded with all the good stuff: the finest tomato sauce, part-skim mozzarella, Italian sausage, ham and thin-sliced pepperoni on a restaurant style crust that's not too thin or too thick, but just right. Drizzled with extra-virgin olive oil and topped with parsley seasoning. Perfect for a family meal, date night or an evening outside with the BBQ fired up. For this delicious, easy-to-bake frozen pizza, the only door you'll be opening is your oven. IT'S NOT DELIVERY, IT'S DELISSIO!","• Italian-inspired pizza with the finest tomato sauce, part-skim mozzarella, Italian sausage, ham, and thin-sliced pepperoni on a pizzeria-style crust drizzled with extra-virgin olive oil and parsley seasoning
• This 3 meat pizza is great on the BBQ for a summertime pizza night, date night or a family meal
• Easy to bake: just follow the simple instructions on the back of the frozen pizza packaging
• Made with only high-quality ingredients for a truly fresh-baked taste
• Contains no artificial flavours – only pure tastiness","[{""Features"":""\u2022 Italian-inspired pizza with the finest tomato sauce""},{""Features"":"" part-skim mozzarella""},{""Features"":"" Italian sausage""},{""Features"":"" ham""},{""Features"":"" and thin-sliced pepperoni on a pizzeria-style crust drizzled with extra-virgin olive oil and parsley seasoning<br>\u2022 This 3 meat pizza is great on the BBQ for a summertime pizza night""},{""Features"":"" date night or a family meal<br>\u2022 Easy to bake: just follow the simple instructions on the back of the frozen pizza packaging<br>\u2022 Made with only high-quality ingredients for a truly fresh-baked taste<br>\u2022 Contains no artificial flavours \u2013 only pure tastiness""},{""Product Type"":""Meat""},{""Batteries Included"":""N""},{""Storage Type"":""Other""},{""Clearout Deal"":""No""},{""Lifestyle\/Dietary Need"":""No egg,No fish,No sesame,No shellfish""}]",https://i5.walmartimages.com/asr/3e6be858-7758-4dee-9916-265d1a868b4e.4968b9f776c18b8ed63f55c4b207d825.jpeg?odnHeight=2000&odnWidth=2000&odnBg=ffffff | https://i5.walmartimages.com/asr/9f82d2b8-0d80-4046-a7ce-e3d84673e20e.13edd450555b1a70ad0a6dbead4a9cee.jpeg?odnHeight=2000&odnWidth=2000&odnBg=ffffff | https://i5.walmartimages.com/asr/25c111fd-9afa-4c35-99e1-7847d2baaf63.539a455a99e9f35df8820dc466826e9e.jpeg?odnHeight=2000&odnWidth=2000&odnBg=ffffff | https://i5.walmartimages.com/asr/a02d26eb-270f-4bae-9c10-4cb1861e4797.afe1f93d6ee7c7e5c534a140246d52ce.jpeg?odnHeight=2000&odnWidth=2000&odnBg=ffffff | https://i5.walmartimages.com/asr/e1d431a7-d7b6-4ab2-95ca-e2b2eaa63b5b.7adef06deeb6bf71d15c28fe99dba9fb.jpeg?odnHeight=2000&odnWidth=2000&odnBg=ffffff | https://i5.walmartimages.com/asr/72e17089-1e88-4255-869c-8c8ea87f96c2.26ae0d520b214bee8d0abe3cc1eaa8db.jpeg?odnHeight=2000&odnWidth=2000&odnBg=ffffff | https://i5.walmartimages.com/asr/c3b17332-e569-44e8-9511-0845ccee52dd.09927210b0244282c9867c211e21a7ea.jpeg?odnHeight=2000&odnWidth=2000&odnBg=ffffff | https://i5.walmartimages.com/asr/a637edca-d5c4-47b1-a9ec-30f484907842.b47f5f299f54e603194c825503a9ca86.jpeg?odnHeight=2000&odnWidth=2000&odnBg=ffffff | https://i5.walmartimages.com/asr/f6220a03-d70a-42c9-b6af-fd9f40391ec0.45f2fe54c49b552b81cb81b86101af80.jpeg?odnHeight=2000&odnWidth=2000&odnBg=ffffff,9,Sold by Walmart,"CRUST: WHEAT FLOUR, WATER, CANOLA OIL, YEAST, SALT, SUGAR, MALTED BARLEY FLOUR. TOPPINGS: PART-SKIM MOZZARELLA CHEESE (PARTLY SKIMMED MILK, BACTERIAL CULTURE, SALT, MICROBIAL ENZYME), COOKED ITALIAN SAUSAGE (PORK, WATER, TEXTURED SOY PROTEIN, SALT, SUGAR, SOY OIL, PORK FAT, SODIUM PHOSPHATE, SPICES, FLAVOUR), GENOA SALAMI (PORK, BEEF, SALT, DEXTROSE, BACTERIAL CULTURE, WINE, SODIUM ASCORBATE, SODIUM NITRITE, CITRIC ACID, FLAVOUR, SPICES [MUSTARD]), PEPPERONI (PORK, SALT, DEXTROSE, BACTERIAL CULTURE, GARLIC POWDER, PORK STOCK, SODIUM NITRITE, SODIUM ASCORBATE, CITRIC ACID, FLAVOUR, SMOKE FLAVOUR, SPICES [MUSTARD]), EXTRA-VIRGIN OLIVE OIL, PARSLEY FLAKES. SAUCE: WATER, TOMATO PASTE, CANOLA AND SOY OILS, GARLIC PURÉE, SALT, SUGAR, VINEGAR, BASIL, OREGANO, THYME, SPICES.","No egg,No fish,No sesame,No shellfish",Add to Cart; Find in Store,4.3,80,,
Walmart Canada,Frozen,Meatless Alternatives,walmart.ca,https://www.walmart.ca/en/ip/canadian-turkey-frozen-5-7kg/6000195404032,,5-7kg,"Walmart.ca > Grocery > Frozen Food > Frozen Meat, Seafood & Alternatives > Frozen Chicken & Turkey",Butterball,"Canadian Turkey, Frozen 5-7kg",SKU:6000195404033,"UPC:62891525799"",""62891581672"",""62891525803"",""62891581675",ID:6000195404032,Walmart Item #:31200806,$18,,,,$18/1EA,"This frozen Canadian turkey can be thawed and roasted as a classic main dish, or deep fried whole as a party favourite.  Turkey quantity is limited to store availability of utility and grade A frozen turkeys.  Brand and grade of turkeys may vary from what’s pictured.",,"[{""Cut"":""Other""},{""Storage Type"":""Frozen""},{""Clearout Deal"":""No""},{""Lifestyle\/Dietary Need"":""N\/A""}]",https://i5.walmartimages.ca/images/Enlarge/969/745/6000198969745.jpg,1,Sold by Walmart,Turkey,N/A,Add to Cart; Find in Store,3.3,15,,
Walmart Canada,Frozen,Meatless Alternatives,walmart.ca,https://www.walmart.ca/en/ip/ocean-jewel-bay-scallops/6000196382951,,,,,,SKU:,UPC:,ID:6000196382951,Walmart Item #:,,,,,,,,,,,,,,,0,,,
Walmart Canada,Frozen,Meatless Alternatives,walmart.ca,https://www.walmart.ca/en/ip/aqua-star-ready-to-cook-shrimp-and-scallops/6000196728918,,300g,"Walmart.ca > Grocery > Frozen Food > Frozen Meat, Seafood & Alternatives > Frozen Fish & Seafood",Aquastar,Aqua Star Ready to Cook Shrimp And Scallops,SKU:6000196728919,UPC:73114939554,ID:6000196728918,Walmart Item #:31326795,$9.97,,,,$3.32/100GR,Aqua Star brand shrimp and scallops is a fantastic mix of peeled and deveined tail-off white shrimp and Bay Scallops.  A perfect combination for serving with friends.,"Ready to cook , 300g","[{""Cut"":""Seafood""},{""Singleserve"":""No""},{""Storage Type"":""Frozen""},{""Clearout Deal"":""No""},{""Lifestyle\/Dietary Need"":""No egg,No fish,No milk,No mustard,No sesame,No soy,No sulfite,No wheat,No lactose,No artificials,No added sugars,Paleo-friendly,Whole30-friendly""}]",https://i5.walmartimages.ca/images/Enlarge/444/059/6000201444059.jpg | https://i5.walmartimages.ca/images/Enlarge/444/062/6000201444062.jpg | https://i5.walmartimages.ca/images/Enlarge/549/916/6000201549916.jpg | https://i5.walmartimages.ca/images/Enlarge/549/918/6000201549918.jpg,4,Sold by Walmart,"Shrimp, Scallop, Salt, Sodium Tripolyphosphate (for moisture retention)","No egg,No fish,No milk,No mustard,No sesame,No soy,No sulfite,No wheat,No lactose,No artificials,No added sugars,Paleo-friendly,Whole30-friendly",Add to Cart; Find in Store,0,,,
Walmart Canada,Frozen,Meatless Alternatives,walmart.ca,https://www.walmart.ca/en/ip/catch-of-the-day-haddock-fillets/6000198998193,,,"Walmart.ca > Grocery > Frozen Food > Frozen Meat, Seafood & Alternatives > Frozen Fish & Seafood",Catch Of The Day,Catch of the Day Haddock Fillets,SKU:6000198998194,UPC:6176309034,ID:6000198998193,Walmart Item #:31624078,$11.97,,,,$2.06/100GR,"Catch of the Day, Fish, Unprepared, Frozen, Haddock Fillets, Fish, Unprepared, INDIVIDUALLY QUICK FROZEN FILLETS, BONED",,"[{""Cut"":""Fillets""},{""Product Type"":""Seafood""},{""Storage Type"":""Frozen""},{""Clearout Deal"":""No""},{""Lifestyle\/Dietary Need"":""No egg,No milk,No mustard,No sesame,No shellfish,No soy,No sulfite,No wheat,No lactose,No artificials,No added sugars,Paleo-friendly,Whole30-friendly""}]",https://i5.walmartimages.ca/images/Enlarge/574/601/6000199574601.jpg,1,Sold by Walmart,"Ingredients: Haddock fillets, Water, Sodium phosphate (to retain moisture). Contains: Haddock (fish).","No egg,No milk,No mustard,No sesame,No shellfish,No soy,No sulfite,No wheat,No lactose,No artificials,No added sugars,Paleo-friendly,Whole30-friendly",Add to Cart; Find in Store,0,,,
Walmart Canada,Frozen,Meatless Alternatives,walmart.ca,https://www.walmart.ca/en/ip/our-finest-lean-turkey-burgers/6000196031467,,8 x 128g,"Walmart.ca > Grocery > Frozen Food > Frozen Meat, Seafood & Alternatives > Frozen Chicken & Turkey",Our Finest,Our Finest Lean Turkey Burgers,SKU:6000196031468,UPC:62891536212,ID:6000196031467,Walmart Item #:31246672,$12.97,,,,$0.01/1GR,"Seasoned to perfection with hints of onion, rosemary and black pepper, our turkey burgers are divine in taste. The butcher’s style grind makes for a burger that’s delicious. Our FinestTM – premium quality ingredients and the best we have to offer, from our table to yours.",,"[{""Cut"":""Burgers""},{""Product Type"":""Other""},{""Storage Type"":""Frozen""},{""Walmart Exclusive"":""Yes""},{""Clearout Deal"":""No""},{""Lifestyle\/Dietary Need"":""No artificials,No added sugars""}]",https://i5.walmartimages.ca/images/Enlarge/228/529/6000200228529.jpg | https://i5.walmartimages.ca/images/Enlarge/228/530/6000200228530.jpg | https://i5.walmartimages.ca/images/Enlarge/21_/nft/628915362121_NFT.jpg | https://i5.walmartimages.ca/images/Enlarge/21_/nft/628915362121_NFT.jpg,4,Sold by Walmart,"Turkey, water, toasted wheat crumbs, salt, onion, spice and spice extract, parsley. Contains: wheat. May contain: milk, eggs, soy, mustard","No artificials,No added sugars",Add to Cart; Find in Store,4.2,5,,1
Walmart Canada,Frozen,Meatless Alternatives,walmart.ca,https://www.walmart.ca/en/ip/crunchy-oven-ready-atlantic-haddock/6000200232161,,"Wild Caught Fillets, 500g","Walmart.ca > Grocery > Frozen Food > Frozen Meat, Seafood & Alternatives > Frozen Fish & Seafood",Aquastar,Crunchy Oven Ready Atlantic Haddock,SKU:6000200232162,UPC:73114938088,ID:6000200232161,Walmart Item #:30198732,$9.97,,,,$1.99/100GR,"Wild caught Atlantic Haddock fillets are all natural and frozen at sea to lock in freshness. We hand-cut each fillet, then lightly coat with a savory, golden breadcrumb coating for a mouthwatering crunch. Our Crunchy Breaded Haddock is free of artificial colors, flavors and preservatives so you can taste the difference.","- MSC Certified 
- Product of Canada 
- Oven Ready
- 6 to 7 Fillets","[{""Cut"":""Fillets""},{""Product Type"":""Seafood""},{""Singleserve"":""No""},{""Storage Type"":""Frozen""},{""Clearout Deal"":""No""},{""Lifestyle\/Dietary Need"":""N\/A""}]",https://i5.walmartimages.ca/images/Enlarge/380/631/6000201380631.jpg | https://i5.walmartimages.ca/images/Enlarge/444/317/6000201444317.jpg | https://i5.walmartimages.ca/images/Enlarge/550/129/6000201550129.jpg | https://i5.walmartimages.ca/images/Enlarge/550/130/6000201550130.jpg,4,Sold by Walmart,"Haddock, Toasted Wheat Crumbs with Spices [Wheat Flour, Baking Powder, Vegetable Oil (Canola &/or Sunflower), Salt, Dextrose, Yeast, Yeast Nutrients (Ammonium Chloride, Calcium Sulphate), Calcium Carbonate, Dough Conditioner (Ascorbic Acid, L-Cysteine Monohydrochloride), Spices], Water, Soybean Oil, Modified Corn Starch, Wheat Flour, Salt, Wheat Gluten, Garlic Powder, Sugar, Dried Egg White, Vegetable Oil (Canola &/or Sunflower), Onion Powder, Baking Powder, Pea Protein Isolate, Methylcellulose, Natural Flavour, Yellow Corn Flour, Guar Gum.",N/A,Add to Cart; Find in Store,3.2,6,,
Walmart Canada,Frozen,Meatless Alternatives,walmart.ca,https://www.walmart.ca/en/ip/great-value-the-ultimate-meatless-burger/6000200049103,,8 x 113 g,"Walmart.ca > Grocery > Frozen Food > Frozen Meat, Seafood & Alternatives > Frozen Plant-based Proteins",Great Value,Great Value The Ultimate Meatless Burger,SKU:6000200049104,UPC:62891583060,ID:6000200049103,Walmart Item #:30616977,$8.97,,,,$0.99/100GR,"A tantalizing alternative to beef, Great Value Meatless Burgers are exceptionally juicy and delicious. Made with a savoury blend of soy protein and seasonings, each burger is high in protein and fibre 
and combines fantastic flavour with an exquisitely tender texture. Enjoy a mighty, yet meatless meal by serving these burgers with an assortment of fresh, crisp vegetables, soft cheeses and vibrant sauces.","• High in protein
• High in fibre
• Source of 10 essential nutrients
• 8 burgers
• Vegan
• Simulated beef burger
• Contains no meat
• Keep frozen
• Uncooked
• Made in Canada from domestic and imported ingredients","[{""Cut"":""Burgers""},{""Product Type"":""Other""},{""Singleserve"":""No""},{""Storage Type"":""Frozen""},{""Walmart Exclusive"":""Yes""},{""Clearout Deal"":""No""},{""Lifestyle\/Dietary Need"":""Vegan-friendly,Vegetarian-friendly""}]",https://i5.walmartimages.ca/images/Enlarge/830/606/628915830606.jpg | https://i5.walmartimages.ca/images/Enlarge/06_/nft/628915830606_NFT.jpg | https://i5.walmartimages.ca/images/Enlarge/06_/nft/628915830606_NFT.jpg,3,Sold by Walmart,"Water, soy protein (caramel colour, zinc oxide, niacinamide, ferrous sulphate [iron], copper gluconate, vitamin A palmitate, calcium pantothenate, thiamine mononitrate [vitamin B1], pyridoxine hydrochloride [vitamin B6], riboflavin [vitamin B2], cyanocobalamin [vitamin B12]), canola oil, ketchup (tomato paste, sugar, white vinegar, salt, onion powder, spices), yeast extract, dried onions, methylcellulose, flavour, wheat gluten, dried garlic, sugar, spices, parsley, potassium chloride, vitamins and minerals (magnesium oxide, ferric orthophosphate [iron], niacinamide, zinc oxide, cyanocobalamin [vitamin B12], calcium pantothenate, copper gluconate, pyridoxine hydrochloride [vitamin B6], thiamine mononitrate, riboflavin [vitamin B2]. Contains: sesame, soy, wheat.","Vegan-friendly,Vegetarian-friendly",Add to Cart; Find in Store,4.5,57,,3
Walmart Canada,Frozen,Pizzas,walmart.ca,https://www.walmart.ca/en/ip/delissio-crispy-pan-pepperoni-pizza-556-g/6000201002745,,556 GR,Walmart.ca > Grocery > Frozen Food > Frozen Pizza,Delissio,"DELISSIO Crispy Pan Pepperoni Pizza, 556 g",SKU:6000201002746,UPC:7192100445,ID:6000201002745,Walmart Item #:30228393,$6.44,,,,$644/100GR,"Dig into edge-to-edge cheesy pizza deliciousness with each slice of DELISSIO Crispy Pan Pepperoni Pizza (556 g). Each bite is loaded with high-quality ingredients for a hearty, fresh-baked taste – a generous amount of pepperoni slices topped with lots of cheese and whatever toppings you might want to add yourself! DELISSIO Crispy Pan Pizza cooks in its own pan, giving it that perfect crispy and caramelized crunchy outside with a rich, tender inside for extra indulgence. Since it's ready to bake in its own pan, all you need to do is slide this frozen pizza into the oven and then enjoy the perfect snack or meal for family dinner! IT'S NOT DELIVERY, IT'S DELISSIO!","• Crispy pan pizza, loaded with pepperoni slices and a generous amount of cheese all ready to bake in its own pan
• The irresistible crust is crunchy on the outside and tender on the inside
• Made with high-quality ingredients for a truly fresh-baked taste – feel free to add your own favourite ingredients on top before baking!
• Cooking is simple - just slide it in the oven and follow the package's instructions
• IT'S NOT DELIVERY, IT'S DELISSIO!","[{""Storage Type"":""Frozen""},{""Product Type"":""Pepperoni""},{""Batteries Included"":""N""},{""Features"":""\u2022 Crispy pan pizza""},{""Features"":"" loaded with pepperoni slices and a generous amount of cheese all ready to bake in its own pan<br>\u2022 The irresistible crust is crunchy on the outside and tender on the inside<br>\u2022 Made with high-quality ingredients for a truly fresh-baked taste \u2013 feel free to add your own favourite ingredients on top before baking!<br>\u2022 Cooking is simple - just slide it in the oven and follow the package's instructions<br>\u2022 IT'S NOT DELIVERY""},{""Clearout Deal"":""No""},{""Lifestyle\/Dietary Need"":""""}]",https://i5.walmartimages.com/asr/3c8ebec4-c4f0-4835-a57d-77fff3b720ad.de5dcb8f1d70b345663818164d3bef61.jpeg?odnHeight=2000&odnWidth=2000&odnBg=ffffff | https://i5.walmartimages.com/asr/5ea1c3e8-7fd1-47ab-b644-64ea6e51e092.abf89ae33394c6bd026e9a1a038dcdd9.jpeg?odnHeight=2000&odnWidth=2000&odnBg=ffffff | https://i5.walmartimages.com/asr/8959e1c0-8b98-4157-9796-65e7976d66e2.d1defea44012754e480db040cd0a17f9.jpeg?odnHeight=2000&odnWidth=2000&odnBg=ffffff | https://i5.walmartimages.com/asr/b6ca1802-3575-4a22-be5e-9c7e58364baa.9702d518a5eb1c62b2e0ed4a50054bd2.jpeg?odnHeight=2000&odnWidth=2000&odnBg=ffffff | https://i5.walmartimages.com/asr/ea783cd5-c01d-4faf-9327-c4f85c17f5b5.c8225c3df03834080bde70ad1a993cd0.jpeg?odnHeight=2000&odnWidth=2000&odnBg=ffffff | https://i5.walmartimages.com/asr/f5365784-9779-463d-960f-9596024a5d30.eda0d7ab94915056e4c265aab4244674.jpeg?odnHeight=2000&odnWidth=2000&odnBg=ffffff,6,Sold by Walmart,Crust (Wheat Flour,,Add to Cart; Find in Store,4.1,238,,
Walmart Canada,Frozen,Meatless Alternatives,walmart.ca,https://www.walmart.ca/en/ip/catch-of-the-day-tilapia-fillets/6000191275573,,750 g,"Walmart.ca > Grocery > Frozen Food > Frozen Meat, Seafood & Alternatives > Frozen Fish & Seafood",Catch Of The Day,Catch Of The Day Tilapia Fillets,SKU:6000191275574,UPC:6176306033,ID:6000191275573,Walmart Item #:30779095,$11.97,,,,$1.6/100GR,Catch of the Day offers delicious-tasting fillets at great value. Packaging offers easy cooking instructions for various methods plus a recipe.,,"[{""Cut"":""Fillets""},{""Product Type"":""Seafood""},{""Storage Type"":""Frozen""},{""Clearout Deal"":""No""},{""Lifestyle\/Dietary Need"":""No egg,No milk,No mustard,No sesame,No shellfish,No soy,No sulfite,No wheat,No lactose,No artificials,No added sugars,Paleo-friendly,Whole30-friendly""}]",https://i5.walmartimages.ca/images/Enlarge/5_a/1c1/00061763060335_a1c1.jpg | https://i5.walmartimages.ca/images/Enlarge/259/226/6000203259226.jpg | https://i5.walmartimages.ca/images/Enlarge/259/226/6000203259226.jpg | https://i5.walmartimages.ca/images/Enlarge/603/3_1/999999-BI 6033_1.jpg | https://i5.walmartimages.ca/images/Enlarge/603/3_1/999999-BI 6033_1.jpg,5,Sold by Walmart,TILAPIA FISH FILLETS.,"No egg,No milk,No mustard,No sesame,No shellfish,No soy,No sulfite,No wheat,No lactose,No artificials,No added sugars,Paleo-friendly,Whole30-friendly",Add to Cart; Find in Store,0,,,
Walmart Canada,Drinks,Coffee,walmart.ca,https://www.walmart.ca/en/ip/our-finest-espresso-medium-dark-roast-arabica-coffee/6000200165952,,340 g,Walmart.ca > Household Supplies & Pantry > Drinks > Coffee > Ground Coffee,Our Finest,Our Finest Espresso Medium Dark Roast Arabica Coffee,SKU:6000200165953,UPC:62891582908,ID:6000200165952,Walmart Item #:30679579,$5.94,,,,$1.75/100GR,Our Finest Espresso Medium Dark Roast Arabica Coffee,"• Signature blend
• Medium dark roast coffee
• 100 % arabica coffee","[{""Product Type"":""Medium Roast""},{""Decaffeinated"":""No""},{""Singleserve"":""No""},{""Storage Type"":""Shelf""},{""Walmart Exclusive"":""Yes""},{""Clearout Deal"":""No""},{""Lifestyle\/Dietary Need"":""No artificials,Kosher,No added sugars,Paleo-friendly,Vegan-friendly,Vegetarian-friendly,Whole30-friendly""}]",https://i5.walmartimages.ca/images/Enlarge/829/082/628915829082.jpg,1,Sold by Walmart,Not Applicable,"No artificials,Kosher,No added sugars,Paleo-friendly,Vegan-friendly,Vegetarian-friendly,Whole30-friendly",Add to Cart; Find in Store,4.5,34,,
Walmart Canada,Frozen,Meatless Alternatives,walmart.ca,https://www.walmart.ca/en/ip/crunchy-oven-ready-alaskan-cod/6000200232311,,"Wild Caught Fillets, 500g","Walmart.ca > Grocery > Frozen Food > Frozen Meat, Seafood & Alternatives > Frozen Fish & Seafood",Aquastar,Crunchy Oven Ready Alaskan Cod,SKU:6000200232312,UPC:73114939440,ID:6000200232311,Walmart Item #:30198729,$9.97,,,,$1.99/100GR,"The wild caught Alaskan Cod fillets are all natural and frozen at sea to lock in freshness. We hand-cut each fillet, then lightly coat with a savory, golden breadcrumb coating for a mouthwatering crunch.","- Product of Canada 
- MSC Certified 
- Wild Caught Fillets
- 6 to 7 Fillets","[{""Cut"":""Fillets""},{""Product Type"":""Seafood""},{""Singleserve"":""No""},{""Storage Type"":""Frozen""},{""Clearout Deal"":""No""},{""Lifestyle\/Dietary Need"":""N\/A""}]",https://i5.walmartimages.ca/images/Enlarge/260/472/6000200260472.jpg | https://i5.walmartimages.ca/images/Enlarge/444/308/6000201444308.jpg | https://i5.walmartimages.ca/images/Enlarge/550/176/6000201550176.jpg | https://i5.walmartimages.ca/images/Enlarge/550/181/6000201550181.jpg,4,Sold by Walmart,"Cod, Toasted Wheat Crumbs with Spices [Wheat Flour, Baking Powder, Vegetable Oil (Canola &/or Sunflower), Salt, Dextrose, Yeast, Yeast Nutrients (Ammonium Chloride, Calcium Sulphate), Calcium Carbonate, Dough Conditioner (Ascorbic Acid, L-Cysteine Monohydrochloride), Spices], Water, Soybean Oil, Modified Corn Starch, Wheat Flour, Salt, Wheat Gluten, Garlic Powder, Sugar, Dried Egg White, Vegetable Oil (Canola &/or Sunflower), Onion Powder, Baking Powder, Pea Protein Isolate, Methylcellulose, Natural Flavour, Yellow Corn Flour, Guar Gum.",N/A,Add to Cart; Find in Store,4,4,,
Walmart Canada,Drinks,Soft Drinks/Sodas,walmart.ca,https://www.walmart.ca/en/ip/mug-root-beer-355-ml-cans-12-pack/6000161803244,,12x355mL,Walmart.ca > Household Supplies & Pantry > Drinks > Soft Drinks > Other Soft Drinks,MUG Root Beer,"MUG Root Beer, 355 mL Cans, 12 Pack",SKU:10315146,UPC:6900004051,ID:6000161803244,Walmart Item #:9237301,$5.47,,,,$0.13/100ML,"From enjoying a frosty glass at a family meal, to hanging with friends, to making root beer floats, Mug® Root Beer's extra-creamy vanilla flavor has been creating memories for over 65 years. Just one sip of Mug Root Beer's tried and true goodness will surely take you back to when things were carefree and fun; and it's still the perfect drink for the whole family to enjoy together!","• Perfect drink for the whole family
• Classic root beer taste
• Mug Root Beer is caffeine-free.","[{""Flavour"":""Other""},{""Singleserve"":""No""},{""Storage Type"":""Shelf""},{""Clearout Deal"":""No""},{""Lifestyle\/Dietary Need"":""N\/A""}]",https://i5.walmartimages.ca/images/Enlarge/040/515/999999-69000040515.jpg | https://i5.walmartimages.ca/images/Enlarge/169/9_1/191699_1.jpg | https://i5.walmartimages.ca/images/Enlarge/169/9_2/191699_2.jpg | https://i5.walmartimages.ca/images/Enlarge/394/406/6000202394406.jpg | https://i5.walmartimages.ca/images/Enlarge/15_/nft/69000040515_NFT.jpg | https://i5.walmartimages.ca/images/Enlarge/15_/nft/69000040515_NFT.jpg,6,Sold by Walmart,"CARBONATED WATER, GLUCOSE-FRUCTOSE AND/OR SUGAR, CARAMEL COLOUR, SODIUM BENZOATE, CITRIC ACID, NATURAL AND ARTIFICIAL FLAVOURS, QUILLAIA EXTRACT, CALCIUM DISODIUM EDTA.",N/A,Add to Cart; Find in Store,4.6,38,,
Walmart Canada,Frozen,Meatless Alternatives,walmart.ca,https://www.walmart.ca/en/ip/great-value-large-cooked-pacic-white-shrimp/6000201793838,,500 g,"Walmart.ca > Grocery > Frozen Food > Frozen Meat, Seafood & Alternatives > Frozen Fish & Seafood",Great Value,Great Value Large Cooked Pacic White Shrimp,SKU:6000201793839,UPC:62773501620,ID:6000201793838,Walmart Item #:30885576,$14.97,,,,$2.99/100GR,"Frankly, we’d feel a little shellsh if we kept all this succulent shrimp to ourselves! Great ValueTM Large Cooked Pacic White Shrimp is fully cooked, deveined, peeled and frozen for the ultimate in convenience. These tasty treasures have a mild, sweet avour, tender texture and are a perfect choice for salads and shrimp cocktail. Simply thaw and enjoy them your favourite way!","•Peeled 
•Deveined 
•Tail-on","[{""Product Type"":""Seafood""},{""Storage Type"":""Frozen""},{""Walmart Exclusive"":""Yes""},{""Clearout Deal"":""No""},{""Lifestyle\/Dietary Need"":""""}]",https://i5.walmartimages.ca/images/Enlarge/016/207/627735016207.jpg | https://i5.walmartimages.ca/images/Enlarge/620/7_8/627735016207_8.jpg | https://i5.walmartimages.ca/images/Enlarge/260/234/6000203260234.jpg | https://i5.walmartimages.ca/images/Enlarge/260/234/6000203260234.jpg,4,Sold by Walmart,Shrimp •Sodium tripolyphosphate • Salt. May contain: Other crustaceans •Peanuts •Tree nuts •Sesame •Milk •Eggs •Fish •Shellfish •Soy • Wheat •Mustard •Sulphites.,,Add to Cart; Find in Store,5,1,,
Walmart Canada,Frozen,Meatless Alternatives,walmart.ca,https://www.walmart.ca/en/ip/janes-ultimates-dry-rub-seasoned-chicken-wings-sea-salt-pepper/6000199468387,,"Chicken Wings, 900g","Walmart.ca > Grocery > Frozen Food > Frozen Meat, Seafood & Alternatives > Frozen Chicken & Turkey",Janes,Janes ultimates Dry Rub Seasoned Chicken Wings Sea Salt & Pepper,SKU:6000199468388,UPC:6929960512,ID:6000199468387,Walmart Item #:30680297,$14.97,,,,$1.66/100GR,"We are adding a little spice to your mealtime with our fully-cooked ultimates Salt & Pepper Chicken Wings, which you can store in your freezer until a crowd of wing lovers come over. Generously seasoned with salt and pepper, bake these Janes ultimates Salt & Pepper Wings to a crisp perfection and watch them go way too fast.  You can never have enough.  Best of all, because we use our signature Dry Rub Spices, there’s no mess for you to clean up afterward (unless your kids made dinner, in which case all bets are off!)","• No Hydrogenated Oils
• Oven Roasted
• No artificial flavours or colours","[{""Product Type"":""Wings""},{""Cut"":""Wings""},{""Singleserve"":""No""},{""Storage Type"":""Frozen""},{""Clearout Deal"":""No""},{""Lifestyle\/Dietary Need"":""No fish,No sesame,No shellfish""}]",https://i5.walmartimages.ca/images/Enlarge/513/003/6000200513003.jpg | https://i5.walmartimages.ca/images/Enlarge/513/009/6000200513009.jpg | https://i5.walmartimages.ca/images/Enlarge/564/619/6000203564619.jpg,3,Sold by Walmart,"CHICKEN:  CHICKEN WINGS, WATER, WHEAT FLOUR, CANOLA OIL, SEA SALT, SPICES, MODIFIED CORN STARCH, GARLIC POWDER, DEXTROSE, ONION POWDER, FLAVOUR. MAY CONTAIN: EGG, SOY.\n\nSAUCE: CULTURED BUTTERMILK (2% MILK, SEA SALT, SODIUM CITRATE, BACTERIAL CULTURE), WATER, CANOLA OIL, GLUCOSE-FRUCTOSE, WHITE VINEGAR, MODIFIED CORN STARCH, SEA SALT, SUGAR, EGG YOLK (WITH SALT), RANCH SEASONING (DEHYDRATED ONION,  MUSTARD FLOUR, DEHYDRATED GARLIC, SPICE, DEHYDRATED MUSHROOM), CULTURED DEXTROSE (WITH MALTODEXTRIN), SOY LECITHIN, XANTHAN GUM, FLAVOUR, SPICE EXTRACT, LACTIC ACID.","No fish,No sesame,No shellfish",Add to Cart; Find in Store,2.3,4,,
Walmart Canada,Frozen,Meatless Alternatives,walmart.ca,https://www.walmart.ca/en/ip/high-liner-pan-sear-sole-lemon-pepper-lightly-breaded-whole-fillets/6000196030525,,"4 Fillets, 540 g","Walmart.ca > Grocery > Frozen Food > Frozen Meat, Seafood & Alternatives > Frozen Fish & Seafood",High Liner,High Liner Pan-Sear Sole Lemon Pepper Lightly Breaded Whole Fillets,SKU:6000196030526,UPC:6176306946,ID:6000196030525,Walmart Item #:8305937,$12.97,,,,$2.4/100GR,"Enjoy the quality and taste of a restaurant-inspired meal right in your own home. Delicately breaded wild caught sole fillets are seasoned with a perfectly balanced blend of lemon and pepper. You now have the convenience of cooking frozen fish on the stovetop, oven and barbecue.",,"[{""Cut"":""Fillets""},{""Product Type"":""Seafood""},{""Storage Type"":""Frozen""},{""Clearout Deal"":""No""},{""Lifestyle\/Dietary Need"":""No egg,No milk,No sesame,No shellfish,No soy,No sulfite,No lactose""}]",https://i5.walmartimages.ca/images/Enlarge/069/468/999999-61763069468.jpg | https://i5.walmartimages.ca/images/Enlarge/946/8_1/999999-61763069468_1.jpg | https://i5.walmartimages.ca/images/Enlarge/259/242/6000203259242.jpg | https://i5.walmartimages.ca/images/Enlarge/259/242/6000203259242.jpg | https://i5.walmartimages.ca/images/Enlarge/946/8_2/999999-061763069468_2.jpg | https://i5.walmartimages.ca/images/Enlarge/946/8_3/999999-061763069468_3.jpg | https://i5.walmartimages.ca/images/Enlarge/946/8_3/999999-061763069468_3.jpg,7,Sold by Walmart,"Ingredients: Sole fillets, Water, Flour (wheat, rice), Toasted wheat crumbs, Canola oil, Modified corn starch, Seasonings (spices, onion, garlic, citric acid), Sugar, Natural flavour (garlic, lemon), Salt, Turmeric, Caramel, Sodium phosphate (to retain moisture). Contains: Sole (fish), Wheat.","No egg,No milk,No sesame,No shellfish,No soy,No sulfite,No lactose",Add to Cart; Find in Store,4.8,4,,
Walmart Canada,Drinks,Soft Drinks/Sodas,walmart.ca,https://www.walmart.ca/en/ip/coca-cola-zero-sugar-222ml-mini-cans-6-pack/6000002759560,,6 x 222 mL,Walmart.ca > Household Supplies & Pantry > Drinks > Soft Drinks > Cola,Coca-Cola,"Coca-Cola Zero Sugar 222mL Mini-Cans, 6 Pack",SKU:10277291,UPC:6700010985,ID:6000002759560,Walmart Item #:9240294,$2.97,,,,$0.22/100ML,"Soda. Pop. Soft drink. Sparkling beverage. Carbonated drink.

Whatever you call it, nothing compares to the refreshing, crisp taste of Coca-Cola Zero Sugar. Enjoy with friends, on the go or with a meal. Whatever the occasion, wherever you are, Coca-Cola Zero Sugar makes life’s special moments a little bit better.

The great taste of Coca-Cola has stood the test of time. And Coca-Cola Zero Sugar brings you a Coca-Cola taste with zero sugar and zero calories. Between the delicious taste and refreshing fizz, it’s sure to give you that “ahhh” moment whenever you want it.
 
Every sip, every “ahhh,” every smile—find that feeling with Coca-Cola Zero Sugar. Best enjoyed ice-cold for maximum refreshment. Grab a Coca-Cola Zero Sugar, take a sip and find your “ahhh” moment.

Whatever you’re looking for in a soda, there’s a Coca-Cola to satisfy your taste buds.

Enjoy Coca-Cola Zero Sugar.","Great Coca-Cola taste, zero sugar
Refreshing, crisp taste pairs perfectly with a meal or with friends
34 mg of caffeine in each 355 mL serving
222 mL in each can
This carbonated beverage is best enjoyed ice-cold for maximum refreshment.
Perfect size to be enjoyed with meals or snacking","[{""Flavour"":""Cola""},{""Singleserve"":""No""},{""Storage Type"":""Refrigerate""},{""Clearout Deal"":""No""},{""Lifestyle\/Dietary Need"":""No egg,No fish,No milk,No mustard,No sesame,No shellfish,No soy,No sulfite,No wheat,No lactose,Kosher,No added sugars,Vegan-friendly,Vegetarian-friendly""}]",https://i5.walmartimages.ca/images/Enlarge/750/613/750613.jpg | https://i5.walmartimages.ca/images/Enlarge/061/3_1/750613_1.jpg | https://i5.walmartimages.ca/images/Enlarge/114/563/6000200114563.jpg | https://i5.walmartimages.ca/images/Enlarge/114/486/6000200114486.jpg | https://i5.walmartimages.ca/images/Enlarge/114/521/6000200114521.jpg | https://i5.walmartimages.ca/images/Enlarge/114/492/6000200114492.jpg | https://i5.walmartimages.ca/images/Enlarge/192/684/6000200192684.jpg | https://i5.walmartimages.ca/images/Enlarge/192/687/6000200192687.jpg | https://i5.walmartimages.ca/images/Enlarge/192/594/6000200192594.jpg | https://i5.walmartimages.ca/images/Enlarge/50_/nft/67000109850_NFT.jpg | https://i5.walmartimages.ca/images/Enlarge/50_/nft/67000109850_NFT.jpg,11,Sold by Walmart,"CARBONATED WATER, CARAMEL COLOUR, PHOSPHORIC ACID, ASPARTAME (CONTAINS PHENYLALANINE), POTASSIUM BENZOATE, NATURAL FLAVOUR, POTASSIUM CITRATE, ACESULFAME-POTASSIUM, CAFFEINE.","No egg,No fish,No milk,No mustard,No sesame,No shellfish,No soy,No sulfite,No wheat,No lactose,Kosher,No added sugars,Vegan-friendly,Vegetarian-friendly",Add to Cart; Find in Store,5,1,,
Walmart Canada,Drinks,Soft Drinks/Sodas,walmart.ca,https://www.walmart.ca/en/ip/canada-dry-tonic-water-355-ml-cans-12-pack/6000001848437,,12 x 355 mL,Walmart.ca > Household Supplies & Pantry > Drinks > Soft Drinks > Other Soft Drinks,Canada Dry,"Canada Dry® Tonic Water 355 mL Cans, 12 Pack",SKU:10281450,UPC:6210000896,ID:6000001848437,Walmart Item #:9210633,$5.47,,,,$0.13/100ML,"Canada Dry Tonic Water with its distinctive tang of quinine delivers a sophisticated, crisp, clean and refreshing taste.  It can be consumed on its own, with a twist of lime or as a mixer.","Caffeine free
Can be enjoyed on its own or while entertaining
Pairs perfectly with your favourite spirits
Best savoured chilled for a superior taste experience","[{""Flavour"":""Not Applicable""},{""Singleserve"":""No""},{""Storage Type"":""Refrigerate""},{""Clearout Deal"":""No""},{""Lifestyle\/Dietary Need"":""No egg,No fish,No milk,No mustard,No sesame,No shellfish,No soy,No sulfite,No wheat,No lactose,No artificials,Vegan-friendly,Vegetarian-friendly""}]",https://i5.walmartimages.ca/images/Enlarge/128/656/128656.jpg | https://i5.walmartimages.ca/images/Enlarge/114/494/6000200114494.jpg | https://i5.walmartimages.ca/images/Enlarge/865/6_2/128656_2.jpg | https://i5.walmartimages.ca/images/Enlarge/114/576/6000200114576.jpg | https://i5.walmartimages.ca/images/Enlarge/192/628/6000200192628.jpg | https://i5.walmartimages.ca/images/Enlarge/192/629/6000200192629.jpg | https://i5.walmartimages.ca/images/Enlarge/192/658/6000200192658.jpg | https://i5.walmartimages.ca/images/Enlarge/66_/nft/62100008966_NFT.jpg | https://i5.walmartimages.ca/images/Enlarge/66_/nft/62100008966_NFT.jpg,9,Sold by Walmart,"CARBONATED WATER, SUGAR/GLUCOSE-FRUCTOSE, CITRIC ACID, SODIUM BENZOATE, QUININE HYDROCHLORIDE, NATURAL FLAVOUR.","No egg,No fish,No milk,No mustard,No sesame,No shellfish,No soy,No sulfite,No wheat,No lactose,No artificials,Vegan-friendly,Vegetarian-friendly",Add to Cart; Find in Store,4,49,,
Walmart Canada,Frozen,Meatless Alternatives,walmart.ca,https://www.walmart.ca/en/ip/our-finest-crispy-tempura-shrimp/6000022951899,,,"Walmart.ca > Grocery > Frozen Food > Frozen Meat, Seafood & Alternatives > Frozen Fish & Seafood",Our Finest,Our Finest Crispy Tempura Shrimp,SKU:10052204,UPC:60538855704,ID:6000022951899,Walmart Item #:30227993,$11,,,,$3.24/100GR,"Our Finest Crispy Tempura Shrimp with Soya Sauce features succulent shrimp hand dipped in an authentic tempura batter for a delightfully, crispy outside, yet tender inside. And, like our name says, it is the best we have to offer – we use our ﬁnest, premium quality ingredients to ensure the most delicious appetizer.",,"[{""Cut"":""Seafood""},{""Storage Type"":""Frozen""},{""Walmart Exclusive"":""Yes""},{""Clearout Deal"":""No""},{""Lifestyle\/Dietary Need"":""""}]",https://i5.walmartimages.ca/images/Enlarge/557/049/605388557049.jpg | https://i5.walmartimages.ca/images/Enlarge/704/9_1/605388557049_1.jpg | https://i5.walmartimages.ca/images/Enlarge/49_/nft/605388557049_NFT.jpg | https://i5.walmartimages.ca/images/Enlarge/49_/nft/605388557049_NFT.jpg,4,Sold by Walmart,,,Add to Cart; Find in Store,4.8,6,,2
Walmart Canada,Frozen,Meatless Alternatives,walmart.ca,https://www.walmart.ca/en/ip/our-finest-breaded-butterfly-shrimp/6000022634607,,,"Walmart.ca > Grocery > Frozen Food > Frozen Meat, Seafood & Alternatives > Frozen Fish & Seafood",Our Finest,Our Finest Breaded Butterfly Shrimp,SKU:10051902,UPC:60538833312,ID:6000022634607,Walmart Item #:30227994,$11,,,,$2.42/100GR,"Our Finest Breaded Butterﬂy Shrimp feature succulent shrimp in a crispy, breaded coating that is delightfully crunchy on the outside, yet tender inside. And, like our name says, it is the best we have to offer – we use our ﬁnest, premium quality ingredients to ensure the most delicious appetizer.",,"[{""Cut"":""Seafood""},{""Product Type"":""Seafood""},{""Storage Type"":""Frozen""},{""Walmart Exclusive"":""Yes""},{""Clearout Deal"":""No""},{""Lifestyle\/Dietary Need"":""""}]",https://i5.walmartimages.ca/images/Enlarge/333/124/605388333124.jpg | https://i5.walmartimages.ca/images/Enlarge/312/4_1/605388333124_1.jpg | https://i5.walmartimages.ca/images/Enlarge/24_/nft/605388333124_NFT.jpg | https://i5.walmartimages.ca/images/Enlarge/24_/nft/605388333124_NFT.jpg,4,Sold by Walmart,"Shrimp, Wheat Flour, Water, Soybean Oil, Modified Tapioca Starch, Modified Corn Starch, Salt, Sodium Phosphate, Corn Starch, Sodium Bicarbonate,  Yeast, Dextrose, Whey, Sugar, Spices, Guar Gum, Colour.",,Add to Cart; Find in Store,4.6,5,,
Walmart Canada,Frozen,Meatless Alternatives,walmart.ca,https://www.walmart.ca/en/ip/deli-express-bbq-chicken-wings/6000202761728,,505 g,"Walmart.ca > Grocery > Frozen Food > Frozen Meat, Seafood & Alternatives > Frozen Chicken & Turkey",Deli Express,Deli Express BBQ Chicken Wings,SKU:6000202761729,UPC:6310028662,ID:6000202761728,Walmart Item #:31181672,$7.97,,,,$1.58/100GR,"Bring the bold taste of barbecue chicken to your kitchen with Deli Express® BBQ Chicken Wings. Seasoned with an intense blend of spices, these uncooked wings are coated in our classic barbeque sauce for a sweet and smoky finish. The rich flavour of these frozen chicken wings makes them a great choice for an indulgent shared snack or meal. Deli Express® is part of the Maple Leaf Foods family of brands.","FAMILY FAVOURITE: Barbecue chicken wings are a delicious meal or snack to savour with family and friends
QUALITY CUTS: Only our quality cuts of chicken are used to create these BBQ wings
CLASSIC BBQ FLAVOUR: Includes 1 BBQ sauce packet for basting the wings
GOOD SOURCE OF PROTEIN: Contains 19g of protein per serving
PROUDLY CANADIAN BRAND: Deli Express® is part of the Maple Leaf Foods family of brands","[{""Product Type"":""Wings""},{""Storage Type"":""Frozen""},{""Clearout Deal"":""No""},{""Lifestyle\/Dietary Need"":""""}]",https://i5.walmartimages.ca/images/Enlarge/159/845/6000203159845.jpg | https://i5.walmartimages.ca/images/Enlarge/160/622/6000203160622.jpg,2,Sold by Walmart,"CHICKEN (DRUMETTES AND WINGLETS), GLAZED WITH: WATER, SUGAR, SALT, SOY PROTEIN PRODUCT, CORN SYRUP SOLIDS, TOMATO POWDER, MODIFIED CORN STARCH, SODIUM PHOSPHATE, SPICE, MALTODEXTRIN, BROWN SUGAR, YEAST EXTRACT, MALIC ACID, SODIUM ACETATE, GARLIC POWDER, ONION POWDER, LEMON JUICE SOLIDS, MOLASSES SOLIDS, LACTOSE, VEGETABLE OIL, FLAVOUR, CITRIC ACID, TAMARIND, SPICE EXTRACT, SMOKE FLAVOUR, ANNATTO, CARAMEL.SAUCE: WATER, SUGAR/GLUCOSE-FRUCTOSE, VINEGAR, TOMATO PASTE, MODIFIED CORN STARCH, SALT, SPICE, DRIED ONIONS, DRIED GARLIC, SODIUM BENZOATE, NATURAL SMOKE FLAVOUR, FLAVOUR, CARAMEL, HYDROLYSED SOY PROTEIN. CONTAINS: MILK, SOY.At Walmart Canada, we always strive to make sure the information about the products we sell is always as accurate as possible. However, because products are regularly improved, the product information, ingredients, nutritional guides and dietary or allergy advice may occasionally change.As a result, we recommend that you always read the label carefully before using or consuming any products. Please do not solely rely on the information provided on this website. Walmart Canada does not accept any liability for any inaccuracies or incorrect information contained on this website.",,Add to Cart; Find in Store,1,1,,
Walmart Canada,Frozen,Meatless Alternatives,walmart.ca,https://www.walmart.ca/en/ip/deli-express-honey-garlic-flavoured-chicken-wings/6000202765137,,505 g,"Walmart.ca > Grocery > Frozen Food > Frozen Meat, Seafood & Alternatives > Frozen Chicken & Turkey",Deli Express,Deli Express Honey Garlic Flavoured Chicken Wings,SKU:6000202765138,UPC:6310028661,ID:6000202765137,Walmart Item #:31181671,$7.97,,,,$1.58/100GR,"Enjoy the delicious combination of sweet honey and spicy garlic with Deli Express® Honey Garlic Flavoured Chicken Wings. Seasoned with a blend of spices, these uncooked chicken wings are coated in our honey garlic sauce for sweet and savoury flavour. Offering rich taste, these frozen honey garlic wings are an ideal choice for an indulgent shared snack or meal with family or friends. Deli Express® is part of the Maple Leaf Foods family of brands.","FAMILY FAVOURITE: These frozen chicken wings are a delicious meal or snack to savour with family and friends
QUALITY CUTS: Only our quality cuts of chicken are used to create these wings
SWEET AND SAVOURY FLAVOUR: Includes 1 honey garlic sauce packet for basting the wings
GOOD SOURCE OF PROTEIN: Contains 19g of protein per serving
PROUDLY CANADIAN BRAND: Deli Express® is part of the Maple Leaf Foods family of brands","[{""Product Type"":""Wings""},{""Storage Type"":""Frozen""},{""Clearout Deal"":""No""},{""Lifestyle\/Dietary Need"":""""}]",https://i5.walmartimages.ca/images/Enlarge/159/882/6000203159882.jpg | https://i5.walmartimages.ca/images/Enlarge/160/620/6000203160620.jpg,2,Sold by Walmart,"CHICKEN WINGS (DRUMETTES AND WINGLETS). GLAZED WITH: WATER, SUGAR, SOY PROTEIN PRODUCT, SALT, SODIUM PHOSPHATE, FANCY MOLASSES, DRIED GARLIC, MALTODEXTRIN, FLAVOUR, HONEY, YEAST EXTRACT, DRIED TOMATO, DRIED ONIONS, GINGER.SAUCE: SUGAR/GLUCOSE-FRUCTOSE, WATER, HONEY, MODIFIED CORN STARCH, VINEGAR, DRIED GARLIC, SALT, BLACKSTRAP MOLASSES, CARAMEL, POTASSIUM SORBATE, SODIUM BENZOATE, FLAVOUR. CONTAINS: SOY.",,Add to Cart; Find in Store,0,,,
Walmart Canada,Frozen,Meatless Alternatives,walmart.ca,https://www.walmart.ca/en/ip/pintys-pub-grill-pintys-pub-and-grill-honey-and-roasted-garlic-chicken-wings/6000057566418,,810 g,"Walmart.ca > Grocery > Frozen Food > Frozen Meat, Seafood & Alternatives > Frozen Chicken & Turkey",Pinty's Pub & Grill,Pinty's Pub & Grill Pinty's Pub And Grill Honey And Roasted Garlic Chicken Wings,SKU:10154012,UPC:6909462399,ID:6000057566418,Walmart Item #:30444123,$16.97,,,,$1.91/100GR,"\u003Cp>Restaurant quality premium, fully cooked, crispy jumbo wings in the convenience of your home. Customize your wing experience by enjoying them plain, make them as saucy as you like or dip them in the included sauces. The Honey and Roasted wings come with Honey and Roasted Garlic and Hot Sauce Pouches.\u003C/p>",\u003Cul>\u003Cli>The ultimate pub experience in a box\u003C/li>\u003Cli>Authentic Flavours in a variety of sauce pouches\u003C/li>\u003Cli>Total customization\u003C/li>\u003Cli>Enjoy the wings plain\u003C/li>\u003Cli>Sauce them\u003C/li>\u003Cli>Dip them\u003C/li>\u003Cli>Take the heat up a notch\u003C/li>\u003Cli>Drizzle on the dressing\u003C/li>\u003Cli>Premium jumbo roasters\u003C/li>\u003Cli>Fully cooked\u003C/li>\u003C/ul>\u003Cp>Assembled product dimensions: L 24.20 cm x W 16.20 cm x H 8.90 cm x W 890.00 grams\u003C/p>,"[{""Product Type"":""Other""},{""Cut"":""Wings""},{""Storage Type"":""Frozen""},{""Clearout Deal"":""No""},{""Lifestyle\/Dietary Need"":""""}]",https://i5.walmartimages.ca/images/Enlarge/113/636/1113636.jpg | https://i5.walmartimages.ca/images/Enlarge/363/6_1/1113636_1.jpg | https://i5.walmartimages.ca/images/Enlarge/363/6_1/1113636_1.jpg,3,Sold by Walmart,,,Add to Cart; Find in Store,5,6,,
Walmart Canada,Frozen,Meatless Alternatives,walmart.ca,https://www.walmart.ca/en/ip/chicken-breast-nuggets/6000200200315,,,"Walmart.ca > Grocery > Frozen Food > Frozen Meat, Seafood & Alternatives > Frozen Chicken & Turkey",Al Safa Halal,Chicken Breast Nuggets,SKU:6000200200316,UPC:62496772100,ID:6000200200315,Walmart Item #:31028878,$6.99,,,,$1.17/100GR,AL SAFA HALAL Breaded Chicken Nuggets,,"[{""Cut"":""Nuggets & Bites""},{""Product Type"":""Chicken""},{""Singleserve"":""No""},{""Storage Type"":""Frozen""},{""Clearout Deal"":""No""},{""Lifestyle\/Dietary Need"":""""}]",https://i5.walmartimages.ca/images/Enlarge/607/513/6000200607513.jpg,1,Sold by Walmart,"Halal chicken, Water, Wheat flour, Toasted wheat crumbs, Soybean oil, Modified corn starch, Soy protein concentrate, Modified potato starch, Soy protein isolate, Salt, Corn flour, Wheat gluten, Sugars (sugar, dextrose), Spices, Yeast, Yellow corn flour, Extractives of turmeric, paprika and annatto, Spice extractives, Canola oil, Baking powder, Onion powder, Garlic powder, Guar gum, Calcium silicate, Propylene glycol, Silicon dioxide, Canola and/or sunflower oil. Contains: Wheat, Soy. May contain: Eggs.",,Add to Cart; Find in Store,0,,,
Walmart Canada,Drinks,Coffee,walmart.ca,https://www.walmart.ca/en/ip/starbucks-classic-hot-cocoa-k-cup-pods-10-ct-box/6000196849962,,10 EA,Walmart.ca > Household Supplies & Pantry > Drinks > Coffee > Coffee Pods,Starbucks,STARBUCKS® Classic Hot Cocoa K-Cup® pods 10 ct Box,SKU:6000196849963,UPC:76211108043,ID:6000196849962,Walmart Item #:30413702,$11.67,,,,$4.15/100EA,"A chocolaty rich, everyday indulgence. Our Classic Hot Cocoa delivers a rich and creamy way to treat yourself, sip after satisfying sip.","• Made with real cocoa
• Chocolaty & Rich
• 10 k-cup","[{""Product Type"":""Pods""},{""Decaffeinated"":""No""},{""Singleserve"":""Yes""},{""Storage Type"":""Shelf""},{""Walmart Exclusive"":""No""},{""Clearout Deal"":""No""},{""Lifestyle\/Dietary Need"":""No egg,No fish,No mustard,No sesame,No shellfish,No soy,No sulfite,No wheat,No artificials,Vegetarian-friendly""}]",https://i5.walmartimages.ca/images/Enlarge/080/431/999999-UPC_762111080431.jpg | https://i5.walmartimages.ca/images/Enlarge/080/431/999999-Image 2_UPC_762111080431.jpg | https://i5.walmartimages.ca/images/Enlarge/080/431/999999-Image 3_UPC_762111080431.jpg | https://i5.walmartimages.ca/images/Enlarge/401/837/6000202401837.jpg | https://i5.walmartimages.ca/images/Enlarge/928/621/6000203928621.jpg | https://i5.walmartimages.ca/images/Enlarge/31_/nft/762111080431_NFT.jpg | https://i5.walmartimages.ca/images/Enlarge/31_/nft/762111080431_NFT.jpg,7,Sold by Walmart,"SUGAR, ALKALIZED COCOA, COCONUT OIL, SKIM MILK POWDER, MODIFIED MILK INGREDIENTS, SALT, COCOA EXTRACT, NATURAL FLAVOUR, DIPOTASSIUM PHOSPHATE, MONO- AND DIGLYCERIDES, STEVIA LEAF EXTRACT. CONTAINS MILK.","No egg,No fish,No mustard,No sesame,No shellfish,No soy,No sulfite,No wheat,No artificials,Vegetarian-friendly",Add to Cart; Find in Store,4.1,231,,
Walmart Canada,Frozen,Meatless Alternatives,walmart.ca,https://www.walmart.ca/en/ip/deli-express-buffalo-chicken-wings/6000202763126,,505 g,"Walmart.ca > Grocery > Frozen Food > Frozen Meat, Seafood & Alternatives > Frozen Chicken & Turkey",Deli Express,Deli Express Buffalo Chicken Wings,SKU:6000202763127,UPC:6310028663,ID:6000202763126,Walmart Item #:31181673,$7.97,,,,$1.58/100GR,"Bring the classic flavour of Buffalo wings to your kitchen with Deli Express® Buffalo Chicken Wings. These uncooked chicken wings are seasoned with an intense blend of spices and coated in our tangy Buffalo wing sauce for delicious flavour. A convenient frozen meal to keep on hand at home, these chicken wings are a great choice for sharing with friends and family. Deli Express® is part of the Maple Leaf Foods family of brands.","FAMILY FAVOURITE: Buffalo chicken wings are a delicious meal or snack to savour with family and friends
QUALITY CUTS: Only our quality cuts of chicken are used to create these frozen wings
HOT AND TANGY FLAVOUR: Includes 1 sauce packet for basting the wings
GOOD SOURCE OF PROTEIN: Contains 19g of protein per serving
PROUDLY CANADIAN BRAND: Deli Express® is part of the Maple Leaf Foods family of brands","[{""Product Type"":""Wings""},{""Storage Type"":""Frozen""},{""Clearout Deal"":""No""},{""Lifestyle\/Dietary Need"":""""}]",https://i5.walmartimages.ca/images/Enlarge/160/231/6000203160231.jpg | https://i5.walmartimages.ca/images/Enlarge/160/624/6000203160624.jpg,2,Sold by Walmart,"CHICKEN (DRUMETTES AND WINGLETS). GLAZED WITH: WATER, SUGAR, SALT, SOY PROTEIN PRODUCT, SPICE, BROWN SUGAR, SODIUM PHOSPHATE, CORN SYRUP SOLIDS, MODIFIED CORN STARCH, MALTODEXTRIN, TOMATO POWDER, YEAST EXTRACT, MOLASSES, ONION POWDER, SODIUM ACETATE, MALIC ACID, GARLIC POWDER, CITRIC ACID, GLUCOSE-FRUCTOSE, SPICE EXTRACTIVES, LEMON JUICE CONCENTRATE, ANNATO, FLAVOUR, SMOKE FLAVOUR.SAUCE: HOT SAUCE (CAYENNE PEPPER, VINEGAR, WATER, SALT, GARLIC POWDER), WATER, VEGETABLE OIL, VINEGAR, MODIFIED CORN STARCH, SPICE, DRIED GARLIC, SPICE EXTRACT, NATURAL FLAVOUR, XANTHAN GUM, POTASSIUM SORBATE, SODIUM BENZOATE, SALT, COLOUR. CONTAINS: MILK, SOY.",,Add to Cart; Find in Store,0,,,
Walmart Canada,Frozen,Meatless Alternatives,walmart.ca,https://www.walmart.ca/en/ip/yorkshire-valley-farms-organic-breaded-chicken-breast-fillets/6000200277126,,,"Walmart.ca > Grocery > Frozen Food > Frozen Meat, Seafood & Alternatives > Frozen Chicken & Turkey",Yorkshire Valley Farms,Yorkshire Valley Farms Organic Breaded Chicken Breast Fillets,SKU:6000200277127,UPC:73235213586,ID:6000200277126,Walmart Item #:30540839,$13.97,,,,,"At Yorkshire Valley Farms, we are committed to bringing you a range of organic, free-range chicken products that are both good for you and kind to the environment. Our certified organic chickens are raised without the use of antibiotics on family-run farms in barns that are open to sunlight and fresh air. Their diet is made up of a proprietary mix of non-GMO, pesticide and herbicide-free grains, with no animal by-products added. Processing is done to exacting standards in an organically certified facility. And many components of our packaging can be recycled. By taking the best of what nature gives us, we provide you with wholesome, delicious chicken that we can all feel good about, for our families and the world we live in. Enjoy!","- Organic
- Antibiotic-free
- Pesticide and herbicide free
- Non-GMO
- Raised in Canada","[{""Product Type"":""Chicken Breasts""},{""Cut"":""Fillets""},{""Singleserve"":""No""},{""Storage Type"":""Frozen""},{""Clearout Deal"":""No""},{""Lifestyle\/Dietary Need"":""""}]",https://i5.walmartimages.ca/images/Enlarge/358/690/6000200358690.jpg,1,Sold by Walmart,"Organic chicken breast fillets, water, salt, organic onion powder, organic garlic powder, organic spice, organic rice concentrate.  In a batter and breading of: Organic wheat flour, water, toasted wheat crumb, organic canola oil, organic corn starch, salt, organic onion powder, organic spice, organic garlic powder, organic guar gum.  Contains wheat.",,Add to Cart; Find in Store,5,2,,
Walmart Canada,Frozen,Meatless Alternatives,walmart.ca,https://www.walmart.ca/en/ip/gardein-crabless-cakes-fish-free/6000200001608,,205 g,"Walmart.ca > Grocery > Frozen Food > Frozen Meat, Seafood & Alternatives > Frozen Plant-based Proteins",Gardein,Gardein Crabless Cakes Fish-Free,SKU:6000200001609,UPC:84223400222,ID:6000200001608,Walmart Item #:30442998,$5.27,,,,,These golden crispy mini crabless cakes are swimming with flavor and are made for sharing. Come out of your shell and try a taste of the ocean!,"•Always vegan
•Made with plant protein
•Omega-3
•0.4 omega-3 polyunsaturates per portion
•Ready in 12 minutes
•Kosher
•Non-GMO - Project Verified
•Fish-free","[{""Features"":""\u2022Always vegan<br>\u2022Made with plant protein<br>\u2022Omega-3<br>\u20220.4 omega-3 polyunsaturates per portion<br>\u2022Ready in 12 minutes<br>\u2022Kosher<br>\u2022Non-GMO - Project Verified<br>\u2022Fish-free""},{""Storage Type"":""Frozen""},{""Product Type"":""Other""},{""Lifestyle and Dietary Claims"":""11""},{""Batteries Included"":""N""},{""Clearout Deal"":""No""},{""Lifestyle\/Dietary Need"":""No egg,No fish,No milk,No sesame,No shellfish,No lactose,Kosher,Vegan-friendly,Vegetarian-friendly""}]",https://i5.walmartimages.com/asr/3345d683-401b-4c64-8111-abec5243865e.68e03a7e334b35aabcfe41ba8098d21b.jpeg?odnHeight=2000&odnWidth=2000&odnBg=ffffff | https://i5.walmartimages.com/asr/05b0275d-7591-4ff6-ace7-6418b0d2c48a.3e4ca36460847eaddfa4470e6f5abafa.jpeg?odnHeight=2000&odnWidth=2000&odnBg=ffffff | https://i5.walmartimages.com/asr/9b225617-433b-42b1-8011-00837f6dfc1c.6ea9bb23c8ed631fc02c9dc6dd0b5362.jpeg?odnHeight=2000&odnWidth=2000&odnBg=ffffff | https://i5.walmartimages.com/asr/9d7184fc-3886-4980-a9f7-10f8478e91fa.37babd612218907c566b33259af97862.jpeg?odnHeight=2000&odnWidth=2000&odnBg=ffffff | https://i5.walmartimages.com/asr/5972c9ba-5b7a-45f1-a551-469c349b83cb.3a3c681aee84743e8e0adb461eeeafbf.jpeg?odnHeight=2000&odnWidth=2000&odnBg=ffffff,5,Sold by Walmart,"water, enriched flour, textured wheat protein (wheat gluten, wheat starch), canola oil, soy protein isolate, bell peppers, wheat gluten, green onion, potato starch, distilled vinegar, methylcellulose, cane sugar, roasted garlic puree (garlic, water), tapioca starch, lemon juice concentrate, sea salt, natural flavours, yeast extract, seasoning, salt, maltodextrin, corn flour, colour, spices, chickpea flour, yeast, algal oil (algal oil, natural flavours), onion powder, garlic powder, baking powder, soy flour, dextrose, gum arabic, xanthan gum. Contains: wheat, soy and barley.","No egg,No fish,No milk,No sesame,No shellfish,No lactose,Kosher,Vegan-friendly,Vegetarian-friendly",Add to Cart; Find in Store,5,1,,
Walmart Canada,Frozen,Meatless Alternatives,walmart.ca,https://www.walmart.ca/en/ip/high-liner-signature-haddock-crispy-breaded-fillets/6000199846673,,600 g,"Walmart.ca > Grocery > Frozen Food > Frozen Meat, Seafood & Alternatives > Frozen Fish & Seafood",High Liner,High Liner Signature Haddock Crispy Breaded Fillets,SKU:6000199846674,UPC:6176304227,ID:6000199846673,Walmart Item #:30395360,$12.97,,,,$3.05/100GR,"High Liner® premium haddock fillets are wrapped in a crunchy golden breadcrumb. It's crispy on the outside, with moist flaky fish on the inside. Caught wild",,"[{""Cut"":""Fillets""},{""Product Type"":""Seafood""},{""Storage Type"":""Frozen""},{""Clearout Deal"":""No""},{""Lifestyle\/Dietary Need"":""No egg,No sesame,No shellfish,No sulfite,No artificials""}]",https://i5.walmartimages.ca/images/Enlarge/259/220/6000203259220.jpg | https://i5.walmartimages.ca/images/Enlarge/690/0_1/999999-61763066900_1.jpg | https://i5.walmartimages.ca/images/Enlarge/259/233/6000203259233.jpg | https://i5.walmartimages.ca/images/Enlarge/259/233/6000203259233.jpg | https://i5.walmartimages.ca/images/Enlarge/690/0_7/999999-61763066900_7.jpg | https://i5.walmartimages.ca/images/Enlarge/690/0_7/999999-61763066900_7.jpg,6,Sold by Walmart,"Ingredients: Haddock fillets, Water, Canola oil, Flour (wheat, corn), Toasted wheat crumbs, Modified corn starch, Corn starch, Seasonings (yeast extract, spices, garlic, onion), Salt, Baking powder, Soy protein, Sugar, Sodium phosphate (to retain moisture), Modified milk ingredients, Turmeric. Contains: Haddock (fish), Wheat, Soy, Milk.","No egg,No sesame,No shellfish,No sulfite,No artificials",Add to Cart; Find in Store,0,,,
Walmart Canada,Frozen,Meatless Alternatives,walmart.ca,https://www.walmart.ca/en/ip/janes-ultimates-dry-rub-seasoned-chicken-wings-classic-bbq/6000199468303,,"Chicken Wings, 900g","Walmart.ca > Grocery > Frozen Food > Frozen Meat, Seafood & Alternatives > Frozen Chicken & Turkey",Janes,Janes ultimates Dry Rub Seasoned Chicken Wings Classic BBQ,SKU:6000199468304,UPC:6929960510,ID:6000199468303,Walmart Item #:30680295,$14.97,,,,$1.66/100GR,"No wing selection would be complete without Janes fully-cooked ultimates BBQ Chicken Wings!  Nothing beats a classic BBQ Chicken Wing and thanks to Janes you are ready for whatever life throws your way.  Our Janes ultimates BBQ Chicken Wings are made from fresh, juicy chicken and covered with our signature Dry Rub Spices containing no artificial flavours or colours that your kids (and you!) are bound to fall in love with.  Great as appetizers, snacks or meals, these Janes BBQ wings are easy to prepare.  Place them on a try,  bake them up and watch them disappear.","• No Hydrogenated Oils
• Oven Roasted
• No artificial flavours or colours","[{""Product Type"":""Wings""},{""Cut"":""Wings""},{""Singleserve"":""No""},{""Storage Type"":""Frozen""},{""Clearout Deal"":""No""},{""Lifestyle\/Dietary Need"":""No fish,No sesame,No shellfish""}]",https://i5.walmartimages.ca/images/Enlarge/512/951/6000200512951.jpg | https://i5.walmartimages.ca/images/Enlarge/841/894/6000200841894.jpg | https://i5.walmartimages.ca/images/Enlarge/564/600/6000203564600.jpg,3,Sold by Walmart,"CHICKEN WINGS, WATER, WHEAT FLOUR, SUGAR, CANOLA OIL, SALT, TOMATO POWDER, BROWN SUGAR,  MOLASSES, WORCESTERSHIRE SAUCE BLEND [WORCESTERSHIRE SAUCE (VINEGAR, MOLASSES, GLUCOSE SOLIDS, SALT, CARAMEL, GARLIC, SUGAR, SPICES, TAMARIND, FLAVOUR), CORN MALTODEXTRIN], FLAVOUR, MODIFIED CORN STARCH, ONION POWDER, SPICES, HONEY POWDER, GARLIC POWDER, CORN MALTODEXTRIN, SMOKE FLAVOUR, CITRIC ACID. MAY CONTAIN EGGS.\n\nSAUCE: CULTURED BUTTERMILK (2% MILK, SEA SALT, SODIUM CITRATE, BACTERIAL CULTURE), WATER, CANOLA OIL, GLUCOSE-FRUCTOSE, WHITE VINEGAR, MODIFIED CORN STARCH, SEA SALT, SUGAR, EGG YOLK (WITH SALT), RANCH SEASONING (DEHYDRATED ONION,  MUSTARD FLOUR, DEHYDRATED GARLIC, SPICE, DEHYDRATED MUSHROOM), CULTURED DEXTROSE (WITH MALTODEXTRIN), SOY LECITHIN, XANTHAN GUM, FLAVOUR, SPICE EXTRACT, LACTIC ACID.","No fish,No sesame,No shellfish",Add to Cart; Find in Store,2.3,3,,
Walmart Canada,Frozen,Meatless Alternatives,walmart.ca,https://www.walmart.ca/en/ip/boca-veggie-frozen-ground-crumbles/6000200309728,,340g,"Walmart.ca > Grocery > Frozen Food > Frozen Meat, Seafood & Alternatives > Frozen Plant-based Proteins",Boca,BOCA Veggie Frozen Ground Crumbles,SKU:6000200309729,UPC:75928300234,ID:6000200309728,Walmart Item #:30000188,$4.27,,,,$1.26/100GR,"BOCA Veggie Ground Crumbles Made With Non-GMO Soy help you maintain a meatless diet while enjoying the delicious taste of ground beef. These veggie ground crumbles are high in protein, offering 11 grams of protein per serving. These veggie crumbles offer bold flavor and are easy to make. Every serving in this 12 ounce pouch of vegan crumbles contains 60 calories and 0 grams of total fat, so you’re able to cook a vegetarian meal. Stick to your vegetarian or vegan diet while indulging in meatless ground burgers or chili. These vegan veggie ground crumbles cook in the oven or on a skillet, so you can prepare a wide range of dishes. After cooking, close the resealable bag and place it in the freezer for convenient storage.","• One 340g pouch of BOCA Veggie Ground Crumbles
• BOCA Veggie Ground Crumbles made With Non-GMO Soy are a satisfying alternative to ground beef
• This meat alternative has 60 calories and 0 g. of saturated fat per serving
• Resealable pouch helps protect and preserve the contents","[{""Cut"":""Ground""},{""Product Type"":""Other""},{""Singleserve"":""No""},{""Storage Type"":""Frozen""},{""Clearout Deal"":""No""},{""Lifestyle\/Dietary Need"":""No egg,No fish,No milk,No mustard,No sesame,No shellfish,No sulfite,No wheat,No lactose,Vegan-friendly,Vegetarian-friendly""}]",https://i5.walmartimages.ca/images/Enlarge/815/207/6000200815207.jpg | https://i5.walmartimages.ca/images/Enlarge/453/186/6000202453186.jpg | https://i5.walmartimages.ca/images/Enlarge/453/183/6000202453183.jpg,3,Sold by Walmart,"WATER, SOY PROTEIN CONCENTRATE, SEASONING, NATURAL FLAVOUR (BARLEY), MALT EXTRACT (BARLEY), SALT, CARAMEL COLOUR, MALTODEXTRIN (CORN, POTATO), GLUTAMIC ACID.","No egg,No fish,No milk,No mustard,No sesame,No shellfish,No sulfite,No wheat,No lactose,Vegan-friendly,Vegetarian-friendly",Add to Cart; Find in Store,0,,,
Walmart Canada,Frozen,Meatless Alternatives,walmart.ca,https://www.walmart.ca/en/ip/great-value-uncooked-breaded-calamari-rings/6000197208932,,625 g,"Walmart.ca > Grocery > Frozen Food > Frozen Meat, Seafood & Alternatives > Frozen Fish & Seafood",Great Value,Great Value Uncooked Breaded Calamari Rings,SKU:6000197208933,UPC:62891556159,ID:6000197208932,Walmart Item #:31389849,$9,,,,$1.44/100GR,Great Value Breaded Calamari Rings are uncooked.  Delicious and tender calamari rings in a crispy breading.  Free from artificial flavours and colours.  Satisfaction  Guaranteed.,,"[{""Cut"":""Seafood""},{""Product Type"":""Seafood""},{""Storage Type"":""Frozen""},{""Walmart Exclusive"":""Yes""},{""Clearout Deal"":""No""},{""Lifestyle\/Dietary Need"":""No artificials""}]",https://i5.walmartimages.ca/images/Enlarge/688/142/6000197688142.jpg | https://i5.walmartimages.ca/images/Enlarge/688/143/6000197688143.jpg,2,Sold by Walmart,"Calamari, enriched wheat flour, water, soybean oil, wheat gluten, palm oil, corn starch, salt, modified tapioca starch, sugar, sodium phosphates, sodium bicarbonate, yeast, sunflower oil.Contains: Shellfish (Calamari), wheat.May contain: Tree nuts, sesame, milk, eggs, fish, crustaceans, soy, mustard.",No artificials,Add to Cart; Find in Store,4.5,6,,1
Walmart Canada,Frozen,Meatless Alternatives,walmart.ca,https://www.walmart.ca/en/ip/gardein-ultimate-beefless-ground/6000197633732,,390 g,"Walmart.ca > Grocery > Frozen Food > Frozen Meat, Seafood & Alternatives > Frozen Plant-based Proteins",Gardein,Gardein Ultimate Beefless Ground,SKU:6000197633733,UPC:84223400109,ID:6000197633732,Walmart Item #:30442172,$5.27,,,,,Gardein offers a wide variety of delicious plant-based products that utilize legumes and grains to deliver unbelievable taste and texture free of cholesterol and with less saturated fat than traditional meat.,,"[{""Storage Type"":""Frozen""},{""Product Type"":""Other""},{""Lifestyle and Dietary Claims"":""11""},{""Batteries Included"":""N""},{""Clearout Deal"":""No""},{""Lifestyle\/Dietary Need"":""Gluten-free,No egg,No fish,No milk,No sesame,No shellfish,No sulfite,No wheat,No lactose,Kosher,Vegan-friendly,Vegetarian-friendly""}]",https://i5.walmartimages.com/asr/cce8ddca-a3b3-45bb-9d88-7a96d0a1def5.0685065d65619fdda94b6d8df290ddd5.jpeg?odnHeight=2000&odnWidth=2000&odnBg=ffffff | https://i5.walmartimages.com/asr/09362a71-3246-4a3a-9edd-aa58477498dd.a6dea4160a1de72da0c86ec03c3f9935.jpeg?odnHeight=2000&odnWidth=2000&odnBg=ffffff | https://i5.walmartimages.com/asr/3219d609-8534-4c7d-8abd-cac35a2c86b7.fde5ec160c665895b08aec4cc620e6dc.jpeg?odnHeight=2000&odnWidth=2000&odnBg=ffffff | https://i5.walmartimages.com/asr/87c7cd2f-9f7e-4da1-aa45-6fc35b73cb91.435ad30e41d1d5ff617b4d04fbf27fb6.jpeg?odnHeight=2000&odnWidth=2000&odnBg=ffffff,4,Sold by Walmart,"water, soy protein concentrate, caramel colour, canola oil, cane sugar, yeast extract, tapioca maltodextrin, onion powder, salt, garlic powder, natural flavour, sea salt, sugar, spices, magnesium oxide, ferric orthophosphate, niacinamide, zinc oxide, vitamin b12, calcium pantothenate, pyridoxine hydrochloride, thiamine hydrochloride, riboflavin. Contains soy.","Gluten-free,No egg,No fish,No milk,No sesame,No shellfish,No sulfite,No wheat,No lactose,Kosher,Vegan-friendly,Vegetarian-friendly",Add to Cart; Find in Store,4.5,841,,1
Walmart Canada,Drinks,Soft Drinks/Sodas,walmart.ca,https://www.walmart.ca/en/ip/mtn-dew-soft-drink-710ml-bottles-6-pack/6000040630840,,6x710mL,Walmart.ca > Household Supplies & Pantry > Drinks > Soft Drinks > Other Soft Drinks,MTN Dew,"MTN Dew Soft Drink, 710mL Bottles, 6 Pack",SKU:10076291,UPC:6900002007,ID:6000040630840,Walmart Item #:30319070,$3.97,,,,$0.09/100ML,"Quench your thirst with the bold, unique flavour of MTN DEW® Carbonated Soft Drink. Refreshing and exhilarating, this 6-pack of 710 mL bottles is perfect for sharing with friends and on the go.","•Refreshing and exhilarating, one-of-a-kind taste.
•6-pack of 710 mL bottles.
•Perfect for sharing with friends and on the go.
•#DOTHEDEW","[{""Singleserve"":""No""},{""Storage Type"":""Shelf""},{""Clearout Deal"":""No""},{""Lifestyle\/Dietary Need"":""No egg,No fish,No milk,No mustard,No sesame,No shellfish,No soy,No sulfite,No wheat,No lactose,Kosher,Vegan-friendly,Vegetarian-friendly""}]",https://i5.walmartimages.ca/images/Enlarge/999/689/999689.jpg | https://i5.walmartimages.ca/images/Enlarge/394/402/6000202394402.jpg | https://i5.walmartimages.ca/images/Enlarge/394/403/6000202394403.jpg,3,Sold by Walmart,"CARBONATED WATER, GLUCOSE-FRUCTOSE AND/OR SUGAR, CONCENTRATED ORANGE JUICE, CITRIC ACID, NATURAL FLAVOUR, SODIUM BENZOATE, CAFFEINE, SODIUM CITRATE, GUM ARABIC, ERYTHORBIC ACID, CALCIUM DISODIUM EDTA, BROMINATED VEGETABLE OIL, COLOUR.","No egg,No fish,No milk,No mustard,No sesame,No shellfish,No soy,No sulfite,No wheat,No lactose,Kosher,Vegan-friendly,Vegetarian-friendly",Add to Cart; Find in Store,4.7,457,,
Walmart Canada,Frozen,Pizzas,walmart.ca,https://www.walmart.ca/en/ip/great-value-pepperoni-and-bacon-pizza-stuffs/6000200018451,,"8 pizza snacks, 800 g",Walmart.ca > Grocery > Frozen Food > Frozen Pizza,Great Value,Great Value Pepperoni and Bacon Pizza Stuffs,SKU:6000200018452,UPC:62891582951,ID:6000200018451,Walmart Item #:30412760,$4.28,,,,$0.54/100GR,"When pizza cravings strike, grab Great ValueTM Pepperoni & Bacon Pizza Stuffs. They’re an incredibly quick and easy way to enjoy all the taste of pizza without all the waiting. Handheld and hearty, each snack features an irresistible combination of pepperoni and bacon. Simply pop them in the microwave and crush that craving in only minutes!","• Cook thoroughly - Cook time - 75 sec.
• Keep frozen
• Free from artificial flavours and colours","[{""Product Type"":""Pepperoni""},{""Singleserve"":""No""},{""Storage Type"":""Frozen""},{""Walmart Exclusive"":""Yes""},{""Clearout Deal"":""No""},{""Lifestyle\/Dietary Need"":""""}]",https://i5.walmartimages.ca/images/Enlarge/18_/eng/628915829518_ENG.jpg | https://i5.walmartimages.ca/images/Enlarge/_1_/eng/628915829518_1_ENG.jpg | https://i5.walmartimages.ca/images/Enlarge/8_1/_fr/628915829518_1_FR.jpg | https://i5.walmartimages.ca/images/Enlarge/ng_/eng/628915829518_ING_ENG.jpg | https://i5.walmartimages.ca/images/Enlarge/ing/_fr/628915829518_ING_FR.jpg | https://i5.walmartimages.ca/images/Enlarge/18_/nft/628915829518_NFT.jpg | https://i5.walmartimages.ca/images/Enlarge/nft/_fr/628915829518_NFT_FR.jpg,7,Sold by Walmart,"Enriched wheat flour, water, pepperoni (pork, beef, water, salt, potato starch, modified corn starch, dextrose, spice, sodium erythorbate, natural smoke flavour, garlic powder, sodium nitrite), canola oil, tomato paste, potatoes, palm oil, casein, sugar, skim milk powder, baking powder, modified potato starch, bacon (pork, water, salt, sugar, brown sugar, sodium erythorbate, sodium phosphate, spices, natural flavour, sodium nitrite, potassium chloride, smoke), dextrose, salt, soy lecithin, potassium phosphate, sodium aluminium phosphate, garlic powder, onion powder, dried oregano, lactic acid, natural flavour, xanthan gum, colour, sorbic acid, spices, corn starch, potato starch, cellulose, spice extractives, glucose oxidase, dehydrated parsley, garlic, calcium sulphate, natural smoke flavour, enzymes, tricalcium phosphate. Contains: milk, soy, wheat.",,Add to Cart; Find in Store,3.8,4,,
Walmart Canada,Frozen,Pizzas,walmart.ca,https://www.walmart.ca/en/ip/delissio-stuffed-crust-4-cheese-pizza-664-g/6000199411963,,664 GR,Walmart.ca > Grocery > Frozen Food > Frozen Pizza,Delissio,Delissio Stuffed Crust 4 Cheese Pizza 664 g,SKU:6000199411964,UPC:7192164830,ID:6000199411963,Walmart Item #:30309433,$6.44,,,,$644/100GR,"An irresistible pizza, covered in cheese, and stuffed with even more cheese?! That's right, Delissio Stuffed Crust 4 Cheese Pizza (664 g) is the ultimate cheese-lover's passion. Our signature golden pizza crust is stuffed full of real, mouth-watering cheeses, then topped with even more cheese - including part skim pizza mozzarella, cheddar, asiago, and parmesan. Proudly prepared in Canada, each crispy bite unleashes cheesy delight, made with only the highest quality ingredients. Plus, you can customize your pizza by tossing on your own favourite ingredients before baking. The only door you'll need to open for this perfect pizza is the oven. It's not delivery, it's Delissio! *BrandSpark International inc. 2017/2018","• Pizza with a golden crust stuffed with delicious cheese, and topped with even more mouth-watering cheeses - part skim pizza mozzarella, cheddar, asiago, and parmesan
• Proudly prepared in Canada, with only the highest quality ingredients for a truly fresh-baked taste
• Delissio is proudly regarded as the Most Trusted Frozen Pizza Brand* in Canada
• It's easy top with your favourite ingredients for creative, customized pizza night
• It's not delivery, it's Delissio!","[{""Product Type"":""Cheese""},{""Singleserve"":""No""},{""Storage Type"":""Frozen""},{""Clearout Deal"":""No""},{""Lifestyle\/Dietary Need"":""No egg,No fish,No sesame,No shellfish,No sulfite""}]",https://i5.walmartimages.ca/images/Enlarge/423/515/6000199423515.jpg | https://i5.walmartimages.ca/images/Enlarge/423/525/6000199423525.jpg | https://i5.walmartimages.ca/images/Enlarge/423/519/6000199423519.jpg | https://i5.walmartimages.ca/images/Enlarge/423/516/6000199423516.jpg | https://i5.walmartimages.ca/images/Enlarge/423/532/6000199423532.jpg | https://i5.walmartimages.ca/images/Enlarge/423/534/6000199423534.jpg,6,Sold by Walmart,"Crust (wheat flour, water, part skim pizza mozzarella cheese [modified milk ingredients, bacterial culture, salt, microbial enzyme, calcium chloride, cellulose], canola oil, yeast, toasted wheat crumbs, modified palm oil, flavour, carotene, sugar, salt), Part skim pizza mozzarella, cheddar, asiago, and parmesan cheeses (modified milk ingredients, bacterial culture, salt, annatto, lipase, microbial enzyme, calcium chloride, cellulose), Sauce (water, tomato paste, canola oil, salt, sugar, dried garlic, spices). May contain: Soy.","No egg,No fish,No sesame,No shellfish,No sulfite",Add to Cart; Find in Store,4.4,111,,
Walmart Canada,Drinks,Soft Drinks/Sodas,walmart.ca,https://www.walmart.ca/en/ip/great-value-orange-soda/6000187053991,,2 L,Walmart.ca > Grocery > Drinks > Soft Drinks > Other Soft Drinks,Great Value,Great Value Orange Soda,SKU:6000187053992,UPC:60538887225,ID:6000187053991,Walmart Item #:9217382,$0.97,,,,$0.05/100ML,Great Value Orange Soda is fantastically fizzy and full of classic orange flavour. Simply crack open a bottle and pour over ice for a refreshing drink that’s soda-licious.,,"[{""Flavour"":""Orange""},{""Singleserve"":""No""},{""Storage Type"":""Shelf""},{""Walmart Exclusive"":""Yes""},{""Clearout Deal"":""No""},{""Lifestyle\/Dietary Need"":""Kosher,Vegan-friendly,Vegetarian-friendly""}]",https://i5.walmartimages.ca/images/Enlarge/872/258/605388872258.jpg | https://i5.walmartimages.ca/images/Enlarge/58_/nft/605388872258_NFT.jpg | https://i5.walmartimages.ca/images/Enlarge/58_/nft/605388872258_NFT.jpg,3,Sold by Walmart,"Carbonated water, sugar/glucose-fructose, citric acid, potassium benzoate, acacia gum, natural flavour, ester gum, colour, brominated soybean oil.","Kosher,Vegan-friendly,Vegetarian-friendly",Add to Cart; Find in Store,0,,,1
Walmart Canada,Drinks,Soft Drinks/Sodas,walmart.ca,https://www.walmart.ca/en/ip/mtn-dew-soft-drink-2-l-bottle/6000040630701,,2L,Walmart.ca > Household Supplies & Pantry > Drinks > Soft Drinks > Cola,MTN Dew,"MTN Dew Soft Drink, 2 L Bottle",SKU:10076412,UPC:6900002008,ID:6000040630701,Walmart Item #:30319010,$1.97,,,,$0.1/100ML,"Quench your thirst with the bold, unique flavour of MTN DEW® Carbonated Soft Drink. Refreshing and exhilarating, this 2 L bottle is perfect for sharing with friends.","•Refreshing and exhilarating, one-of-a-kind taste.
•Convenient 2 L bottle.
•Perfect for sharing with friends.
•#DOTHEDEW","[{""Flavour"":""Citrus""},{""Singleserve"":""No""},{""Storage Type"":""Shelf""},{""Clearout Deal"":""No""},{""Lifestyle\/Dietary Need"":""No egg,No fish,No milk,No mustard,No sesame,No shellfish,No soy,No sulfite,No wheat,No lactose,Kosher,Vegan-friendly,Vegetarian-friendly""}]",https://i5.walmartimages.ca/images/Enlarge/020/081/999999-69000020081.jpg | https://i5.walmartimages.ca/images/Enlarge/008/1_1/999999-69000020081_1.jpg | https://i5.walmartimages.ca/images/Enlarge/850/551/6000201850551.jpg | https://i5.walmartimages.ca/images/Enlarge/81_/nft/69000020081_NFT.jpg | https://i5.walmartimages.ca/images/Enlarge/81_/nft/69000020081_NFT.jpg,5,Sold by Walmart,"CARBONATED WATER, GLUCOSE-FRUCTOSE, CONCENTRATED ORANGE JUICE, CITRIC ACID, NATURAL FLAVOUR, SODIUM BENZOATE, CAFFEINE, SODIUM CITRATE, GUM ARABIC, ERYTHORBIC ACID, CALCIUM DISODIUM EDTA, BROMINATED VEGETABLE OIL, COLOUR.","No egg,No fish,No milk,No mustard,No sesame,No shellfish,No soy,No sulfite,No wheat,No lactose,Kosher,Vegan-friendly,Vegetarian-friendly",Add to Cart; Find in Store,5,1,,
Walmart Canada,Drinks,Soft Drinks/Sodas,walmart.ca,https://www.walmart.ca/en/ip/great-value-cola/6000152506331,,2 L,Walmart.ca > Grocery > Drinks > Soft Drinks > Cola,Great Value,Great Value Cola,SKU:10302933,UPC:60538887207,ID:6000152506331,Walmart Item #:9217361,$0.97,,,,$0.05/100ML,Great Value Cola is fabulously fizzy and full of classic flavour. Simply Crack open a bottle and pour over ice for a refreshing drink that’s soda-licious.,"\u003Cp>Ingredients: carbonated water, sugar/glucose-fructose, colour, phosphoric acid, natural flavour, caffeine.&nbsp;\u003C/p>\u003Cp>Assembled product dimensions: L 17.50 inches x W 9.00 inches x H 12.00 inches x W 37.10 pounds\u003C/p>","[{""Assembled Length"":""17.5 in""},{""Assembled Height"":""12 in""},{""Assembled Weight"":""37.1 lb""},{""Assembled Width"":""9 in""},{""Flavour"":""Cola""},{""Singleserve"":""No""},{""Walmart Exclusive"":""Yes""},{""Clearout Deal"":""No""},{""Lifestyle\/Dietary Need"":""Kosher,Vegan-friendly,Vegetarian-friendly""}]",https://i5.walmartimages.ca/images/Enlarge/872/074/605388872074.jpg | https://i5.walmartimages.ca/images/Enlarge/74_/nft/605388872074_NFT.jpg | https://i5.walmartimages.ca/images/Enlarge/74_/nft/605388872074_NFT.jpg,3,Sold by Walmart,,"Kosher,Vegan-friendly,Vegetarian-friendly",Add to Cart; Find in Store,4.4,5,,1
Walmart Canada,Drinks,Coffee,walmart.ca,https://www.walmart.ca/en/ip/lavazza-espresso-crema-e-aroma-whole-bean-coffee/6000145830553,,1 kg,Walmart.ca > Household Supplies & Pantry > Drinks > Coffee > Ground Coffee,Lavazza,Lavazza Espresso Crema e Aroma Whole Bean Coffee,SKU:10298432,UPC:4195302552,ID:6000145830553,Walmart Item #:9227148,$19.97,,,,$7.99/100GR,"A premium blend of the best Arabica beans from Central and South America and select Robustas from Africa, Crema e Aroma is a strong, full-flavored coffee with a thick crema.","• Intensity, sweetness, creaminess, aroma and consistency are the key words defining a good cup of Lavazza coffee.","[{""Assembled Width"":""4 in""},{""Assembled Length"":""7 in""},{""Assembled Weight"":""1000 lb""},{""Assembled Height"":""10 in""},{""Flavour"":""Other""},{""Product Type"":""Espresso""},{""Decaffeinated"":""No""},{""Singleserve"":""No""},{""Storage Type"":""Shelf""},{""International Foods"":""Italian""},{""Clearout Deal"":""No""},{""Lifestyle\/Dietary Need"":""No egg,No fish,No milk,No mustard,No sesame,No shellfish,No soy,No sulfite,No wheat,No lactose,No artificials,No added sugars,Paleo-friendly,Vegan-friendly,Vegetarian-friendly,Whole30-friendly""}]",https://i5.walmartimages.ca/images/Enlarge/_64/801/64801.jpg | https://i5.walmartimages.ca/images/Enlarge/482/473/6000202482473.jpg | https://i5.walmartimages.ca/images/Enlarge/482/472/6000202482472.jpg,3,Sold by Walmart,COFFEE,"No egg,No fish,No milk,No mustard,No sesame,No shellfish,No soy,No sulfite,No wheat,No lactose,No artificials,No added sugars,Paleo-friendly,Vegan-friendly,Vegetarian-friendly,Whole30-friendly",Add to Cart; Find in Store,4.7,43,,2
Walmart Canada,Drinks,Soft Drinks/Sodas,walmart.ca,https://www.walmart.ca/en/ip/great-value-root-beer/6000162308593,,2 L,Walmart.ca > Grocery > Drinks > Soft Drinks > Other Soft Drinks,Great Value,Great Value Root Beer,SKU:10316982,UPC:60538887249,ID:6000162308593,Walmart Item #:9217396,$0.97,,,,$0.05/100ML,Great Value Root Beer is fantastically fizzy and full of classic soda shop flavour. Simply crack open a bottle and pour over ice for a refreshing drink that’s soda-licious.,,"[{""Assembled Length"":""6 in""},{""Assembled Height"":""12 in""},{""Assembled Weight"":""5 lb""},{""Assembled Width"":""6 in""},{""Flavour"":""Other""},{""Singleserve"":""No""},{""Storage Type"":""Shelf""},{""Walmart Exclusive"":""Yes""},{""Clearout Deal"":""No""},{""Lifestyle\/Dietary Need"":""Kosher,Vegan-friendly,Vegetarian-friendly""}]",https://i5.walmartimages.ca/images/Enlarge/872/494/605388872494.jpg,1,Sold by Walmart,"Carbonated water, sugar/ glucose-fructose, colour, potassium benzoate, natural and artificial flavour, citric acid.","Kosher,Vegan-friendly,Vegetarian-friendly",Add to Cart; Find in Store,3,1,,1
Walmart Canada,Drinks,Soft Drinks/Sodas,walmart.ca,https://www.walmart.ca/en/ip/caffeine-free-diet-pepsi-cola-2l-bottle/6000188741834,,2L,Walmart.ca > Household Supplies & Pantry > Drinks > Soft Drinks > Diet Cola,Pepsi,"Caffeine Free Diet Pepsi Cola, 2L Bottle",SKU:6000188741835,UPC:6900020261,ID:6000188741834,Walmart Item #:9237378,$1.97,,,,,"Caffeine Free Diet Pepsi® soft drink provides the great taste of Pepsi® cola with no caffeine and zero calories. Light, crisp and refreshing flavour. This 2 L bottle is ideal for sharing with family and friends.","•The great taste of Pepsi® cola with no caffeine and zero calories.
•Light, crisp and refreshing flavour.
•2 L bottle is ideal for sharing with family and friends.
•","[{""Flavour"":""Cola""},{""Singleserve"":""No""},{""Storage Type"":""Shelf""},{""Clearout Deal"":""No""},{""Lifestyle\/Dietary Need"":""No egg,No fish,No milk,No mustard,No sesame,No shellfish,No soy,No sulfite,No wheat,No lactose,Kosher,No added sugars,Vegan-friendly,Vegetarian-friendly""}]",https://i5.walmartimages.ca/images/Enlarge/202/616/999999-69000202616.jpg | https://i5.walmartimages.ca/images/Enlarge/849/719/6000201849719.jpg | https://i5.walmartimages.ca/images/Enlarge/477/236/6000203477236.jpg | https://i5.walmartimages.ca/images/Enlarge/849/720/6000201849720.jpg | https://i5.walmartimages.ca/images/Enlarge/477/233/6000203477233.jpg | https://i5.walmartimages.ca/images/Enlarge/477/234/6000203477234.jpg,6,Sold by Walmart,"CARBONATED WATER, CARAMEL COLOUR, PHOSPHORIC ACID, ASPARTAME (124 mg/355 mL, CONTAINS PHENYLALANINE), SODIUM BENZOATE, NATURAL FLAVOUR, ACESULFAME POTASSIUM (32 MG/355 mL), CITRIC ACID, DIMETHYLPOLYSILOXANE.","No egg,No fish,No milk,No mustard,No sesame,No shellfish,No soy,No sulfite,No wheat,No lactose,Kosher,No added sugars,Vegan-friendly,Vegetarian-friendly",Add to Cart; Find in Store,5,2,,
Walmart Canada,Drinks,Soft Drinks/Sodas,walmart.ca,https://www.walmart.ca/en/ip/aw-root-beer-2l-bottle/6000134323654,,A&W Root Beer 2L,Walmart.ca > Household Supplies & Pantry > Drinks > Soft Drinks > Other Soft Drinks,A&W,A&W Root Beer® 2L Bottle,SKU:10281502,UPC:5953100060,ID:6000134323654,Walmart Item #:30636504,$1.97,,,,$98.5/100LT,"The classic A&W Root Beer recipe was first created in 1919 using a blend of roots, bark and berries.  Today, A&W Root Beer is still a blend of those delicious flavours.  It’s the same creamy, frothy, refreshing beverage you’ve always loved.","Naturally caffeine-free
Bring home the authentic, delicious, creamy taste of A&W Root Beer
Enjoy it chilled in a frosty glass","[{""Flavour"":""Other""},{""Singleserve"":""No""},{""Storage Type"":""Refrigerate""},{""Clearout Deal"":""No""},{""Lifestyle\/Dietary Need"":""No egg,No fish,No milk,No mustard,No sesame,No shellfish,No soy,No sulfite,No wheat,No lactose,Kosher,Vegan-friendly,Vegetarian-friendly""}]",https://i5.walmartimages.ca/images/Enlarge/115/627/115627.jpg | https://i5.walmartimages.ca/images/Enlarge/562/7_1/115627_1.jpg | https://i5.walmartimages.ca/images/Enlarge/114/535/6000200114535.jpg | https://i5.walmartimages.ca/images/Enlarge/114/491/6000200114491.jpg | https://i5.walmartimages.ca/images/Enlarge/114/526/6000200114526.jpg | https://i5.walmartimages.ca/images/Enlarge/114/484/6000200114484.jpg | https://i5.walmartimages.ca/images/Enlarge/07_/nft/59531000607_NFT.jpg | https://i5.walmartimages.ca/images/Enlarge/07_/nft/59531000607_NFT.jpg,8,Sold by Walmart,"CARBONATED WATER, SUGAR/GLUCOSE-FRUCTOSE, CARAMEL, SODIUM BENZOATE, NATURAL AND ARTIFICIAL FLAVOUR.","No egg,No fish,No milk,No mustard,No sesame,No shellfish,No soy,No sulfite,No wheat,No lactose,Kosher,Vegan-friendly,Vegetarian-friendly",Add to Cart; Find in Store,0,,,
Walmart Canada,Drinks,Soft Drinks/Sodas,walmart.ca,https://www.walmart.ca/en/ip/diet-coke-222ml-mini-cans-6-pack/6000002759564,,6 x 222 mL,Walmart.ca > Household Supplies & Pantry > Drinks > Soft Drinks > Diet Cola,Diet Coke,Diet Coke 222mL Mini-Cans 6 Pack,SKU:10220592,UPC:6700010984,ID:6000002759564,Walmart Item #:30054902,$2.97,,,,$0.22/100ML,"Crisp, cold, and reliable, this is the one and only Diet Coke —your everyday wing (wo)man, your deliciously fizzy go-to companion. This is the kind of sugar-free soda that you want throughout your day. Whether you’re looking for a tasty way start to your day, or to refresh your afternoon. You'll never be lost with a Diet Coke.
 
Diet Coke always hits the spot especially during afternoon breaks from work or mid-day get-togethers with friends in the backyard. In fact, it’s basically a friend itself. Because it’s the best kind of familiar, and something you never have to second guess. You trust it, and it’s always there for you whenever you want it. 
   
Diet Coke also comes in a caffeine free option. And if you’re looking to excite your taste buds even more, there’s a host of different flavours to satisfy. Really, it’s just the diet cola you know you can turn to, no matter what you’re looking for. 
 
So when you want a diet soda, think Diet Coke. Because Diet Coke is an original, just like you. Oh yeah, and it’s incredibly refreshing. Always.","Diet Coke is a delicious, crisp, sparkling diet cola that’s fizzing delicious
No Calories, sugar-free
Diet Coke, Because I Can
28 mg of caffeine per 222 mL serving
222 mL per can of diet soda","[{""Flavour"":""Cola""},{""Singleserve"":""No""},{""Storage Type"":""Refrigerate""},{""Clearout Deal"":""No""},{""Lifestyle\/Dietary Need"":""No egg,No fish,No milk,No mustard,No sesame,No shellfish,No soy,No sulfite,No wheat,No lactose,Kosher,No added sugars,Vegan-friendly,Vegetarian-friendly""}]",https://i5.walmartimages.ca/images/Enlarge/750/612/750612.jpg | https://i5.walmartimages.ca/images/Enlarge/114/581/6000200114581.jpg | https://i5.walmartimages.ca/images/Enlarge/114/476/6000200114476.jpg | https://i5.walmartimages.ca/images/Enlarge/114/537/6000200114537.jpg | https://i5.walmartimages.ca/images/Enlarge/114/555/6000200114555.jpg | https://i5.walmartimages.ca/images/Enlarge/114/550/6000200114550.jpg | https://i5.walmartimages.ca/images/Enlarge/192/619/6000200192619.jpg | https://i5.walmartimages.ca/images/Enlarge/192/701/6000200192701.jpg | https://i5.walmartimages.ca/images/Enlarge/192/672/6000200192672.jpg | https://i5.walmartimages.ca/images/Enlarge/43_/nft/67000109843_NFT.jpg | https://i5.walmartimages.ca/images/Enlarge/43_/nft/67000109843_NFT.jpg,11,Sold by Walmart,"CARBONATED WATER, CARAMEL COLOUR, PHOSPHORIC AND CITRIC ACID, ASPARTAME (CONTAINS PHENYLALANINE) FLAVOUR, SODIUM BENZOATE, CAFFEINE, ACESULFAME-POTASSIUM.","No egg,No fish,No milk,No mustard,No sesame,No shellfish,No soy,No sulfite,No wheat,No lactose,Kosher,No added sugars,Vegan-friendly,Vegetarian-friendly",Add to Cart; Find in Store,0,,,
Walmart Canada,Drinks,Soft Drinks/Sodas,walmart.ca,https://www.walmart.ca/en/ip/crush-orange-222ml-mini-cans-6-pack/6000192739619,,6x222mL,Walmart.ca > Household Supplies & Pantry > Drinks > Soft Drinks > Other Soft Drinks,Crush,"Crush Orange, 222mL Mini Cans, 6 Pack",SKU:6000192739620,UPC:5600000005,ID:6000192739619,Walmart Item #:31093695,$2.67,,,,$0.2/100ML,"Orange Crush* is like drinking a party, wrapped in a brilliant burst of orange flavour! This 6-pack of 222 mL mini cans is a convenient format to treat your taste buds-and your friends-to a tidal wave of taste.","• 6 x 222 mL mini cans
• Intense burst of orange flavour
• The first in a family of fun flavours","[{""Flavour"":""Orange""},{""Singleserve"":""No""},{""Storage Type"":""Shelf""},{""Clearout Deal"":""No""},{""Lifestyle\/Dietary Need"":""No egg,No fish,No milk,No mustard,No sesame,No shellfish,No soy,No sulfite,No wheat,No lactose,Vegan-friendly,Vegetarian-friendly""}]",https://i5.walmartimages.ca/images/Enlarge/000/052/999999-56000000052.jpg | https://i5.walmartimages.ca/images/Enlarge/379/727/6000203379727.jpg | https://i5.walmartimages.ca/images/Enlarge/379/728/6000203379728.jpg | https://i5.walmartimages.ca/images/Enlarge/379/729/6000203379729.jpg | https://i5.walmartimages.ca/images/Enlarge/52_/nft/56000000052_NFT.jpg | https://i5.walmartimages.ca/images/Enlarge/52_/nft/56000000052_NFT.jpg,6,Sold by Walmart,"CARBONATED WATER, SUGAR/GLUCOSE-FRUCTOSE, CITRIC ACID, SODIUM BENZOATE, NATURAL FLAVOUR, MODIFIED CORN STARCH, ESTER GUM, COLOUR, SALT.","No egg,No fish,No milk,No mustard,No sesame,No shellfish,No soy,No sulfite,No wheat,No lactose,Vegan-friendly,Vegetarian-friendly",Add to Cart; Find in Store,4.8,22,,1
Walmart Canada,Frozen,Meatless Alternatives,walmart.ca,https://www.walmart.ca/en/ip/ocean-dragon-golden-pompano-fish/6000198520526,,400g,"Walmart.ca > Grocery > Frozen Food > Frozen Meat, Seafood & Alternatives > Frozen Fish & Seafood",Ocean Dragon,Ocean Dragon Golden Pompano Fish,SKU:6000198520527,UPC:5937179858,ID:6000198520526,Walmart Item #:31578545,$4.97,,,,$1.24/100GR,"Ocean Dragon Golden Pompano Fish.  Whole fish, gutted, scaled.  Product of China.  Unclooked.  Keep Frozen.",,"[{""Cut"":""Seafood""},{""Product Type"":""Seafood""},{""Storage Type"":""Frozen""},{""Clearout Deal"":""No""},{""Lifestyle\/Dietary Need"":""""}]",https://i5.walmartimages.ca/images/Enlarge/338/703/6000200338703.jpg,1,Sold by Walmart,Golden Pompano.,,Add to Cart; Find in Store,0,,,
Walmart Canada,Frozen,Meatless Alternatives,walmart.ca,https://www.walmart.ca/en/ip/great-value-cooked-colossal-pacific-white-shrimp/6000196383027,,400 g,"Walmart.ca > Grocery > Frozen Food > Frozen Meat, Seafood & Alternatives > Frozen Fish & Seafood",Great Value,Great Value Cooked Colossal Pacific White Shrimp,SKU:6000196383028,UPC:62891536205,ID:6000196383027,Walmart Item #:30217266,$15.47,,,,$3.87/100GR,"Satisfy your seafood cravings with these Great Value Cooked Shrimp. Each resealable pack contains 16-20 shrimp per pound that have been cooked, deveined and peeled. Pair these ready-to-eat shrimp with a spicy cocktail sauce, toss them in your stir-fry, or grill them alongside a juicy steak for an impressive dinner.

The Great Value brand strives to provide Canadian families everyday value that does not compromise on quality. All of our Great Value products come with a 100% satisfaction guarantee, or your money back. With Great Value, you can feel confident that you are making a great choice!",,"[{""Cut"":""Seafood""},{""Product Type"":""Seafood""},{""Storage Type"":""Frozen""},{""Walmart Exclusive"":""Yes""},{""Clearout Deal"":""No""},{""Lifestyle\/Dietary Need"":""No artificials,No added sugars,Paleo-friendly,Whole30-friendly""}]",https://i5.walmartimages.ca/images/Enlarge/279/907/6000203279907.jpg | https://i5.walmartimages.ca/images/Enlarge/53_/nft/628915362053_NFT.jpg | https://i5.walmartimages.ca/images/Enlarge/53_/nft/628915362053_NFT.jpg,3,Sold by Walmart,"Pacific white shrimp, sodium tripolyphosphate, salt.Contains: shrimp. May contain: peanuts, sesame, eggs, shellfish, soy, sulphites.","No artificials,No added sugars,Paleo-friendly,Whole30-friendly",Add to Cart; Find in Store,0,,,
Walmart Canada,Frozen,Meatless Alternatives,walmart.ca,https://www.walmart.ca/en/ip/great-value-lemon-pepper-flavoured-breaded-fish-fillets/6000200192323,,500 g ( minimum 10 battered fillets),"Walmart.ca > Grocery > Frozen Food > Frozen Meat, Seafood & Alternatives > Frozen Fish & Seafood",Great Value,Great Value Lemon Pepper Flavoured Breaded Fish Fillets,SKU:6000200192324,UPC:62891741244,ID:6000200192323,Walmart Item #:31003627,$6.97,,,,$1.39/100GR,Great Value Lemon Pepper Flavoured Breaded Fish Fillets,"• Free from artificial flavours and colours
• Keep frozen
• Uncooked
• Made in Canada from domestic and imported ingredients
• Wild caught in the north pacific ocean
• Source of Omega-3 polyunsaturated fat
• No added preservatives","[{""Cut"":""Fillets""},{""Product Type"":""Seafood""},{""Storage Type"":""Frozen""},{""Walmart Exclusive"":""Yes""},{""Lifestyle\/Dietary Need"":""""}]",https://i5.walmartimages.ca/images/Enlarge/412/442/628917412442.jpg | https://i5.walmartimages.ca/images/Enlarge/244/2_1/628917412442_1.jpg | https://i5.walmartimages.ca/images/Enlarge/244/2_2/628917412442_2.jpg | https://i5.walmartimages.ca/images/Enlarge/42_/nft/628917412442_NFT.jpg | https://i5.walmartimages.ca/images/Enlarge/42_/nft/628917412442_NFT.jpg,5,Sold by Walmart,"Pollock fillets, water, toasted wheat crumbs, canola oil, flour (enriched wheat flour, corn flour, soy flour), modified corn starch, natural flavour (lemon), salt, seasonings (spices, citric acid), sugar, baking powder, sodium phosphate (to retain moisture), caramel colour, paprika extract. Contains: pollock (fish), soy, wheat. May contain: tree nuts, sesame, milk, eggs, crustaceans, shellfish, mustard, sulphites.",,Add to Cart; Find in Store,5,1,,
Walmart Canada,Frozen,Meatless Alternatives,walmart.ca,https://www.walmart.ca/en/ip/yorkshire-valley-farms-organic-chicken-wings/6000200276445,,,"Walmart.ca > Grocery > Frozen Food > Frozen Meat, Seafood & Alternatives > Frozen Chicken & Turkey",Yorkshire Valley Farms,Yorkshire Valley Farms Organic Chicken Wings,SKU:6000200276446,UPC:84029408005,ID:6000200276445,Walmart Item #:30541747,$13.97,,,,,"At Yorkshire Valley Farms, we are committed to bringing you a range of organic, free-range chicken products that are both good for you and kind to the environment. Our certified organic chickens are raised without the use of antibiotics on family-run farms in barns that are open to sunlight and fresh air. Their diet is made up of a proprietary mix of non-GMO, pesticide and herbicide-free grains, with no animal by-products added. Processing is done to exacting standards in an organically certified facility. And many components of our packaging can be recycled. By taking the best of what nature gives us, we provide you with wholesome, delicious chicken that we can all feel good about, for our families and the world we live in. Enjoy!","- Organic
- Antibiotic-free
- Pesticide and herbicide free
- Non-GMO
- Raised in Canada","[{""Product Type"":""Wings""},{""Cut"":""Wings""},{""Singleserve"":""No""},{""Storage Type"":""Frozen""},{""Clearout Deal"":""No""},{""Lifestyle\/Dietary Need"":""""}]",https://i5.walmartimages.ca/images/Enlarge/357/516/6000200357516.jpg,1,Sold by Walmart,Organic Chicken,,Add to Cart; Find in Store,0,,,
Walmart Canada,Frozen,Meatless Alternatives,walmart.ca,https://www.walmart.ca/en/ip/ocean-dragon-shrimp-headless-shell-on/6000197021043,,340g,"Walmart.ca > Grocery > Frozen Food > Frozen Meat, Seafood & Alternatives > Frozen Fish & Seafood",Ocean Dragon,"Ocean Dragon Shrimp, Headless, Shell-On",SKU:6000197021044,UPC:5937179831,ID:6000197021043,Walmart Item #:31375717,$5.88,,,,$1.73/100GR,"Ocean Dragon Headless, Shell-on Shrimp.  30-40 shrimp per pound.  Product of Ecuador.  Uncooked, block frozen.  BAP certified.",,"[{""Cut"":""Seafood""},{""Product Type"":""Seafood""},{""Storage Type"":""Frozen""},{""Lifestyle\/Dietary Need"":""No egg,No fish,No milk,No mustard,No sesame,No soy,No wheat,No lactose,No artificials,No added sugars,Paleo-friendly,Whole30-friendly""}]",https://i5.walmartimages.ca/images/Enlarge/337/614/6000200337614.jpg | https://i5.walmartimages.ca/images/Enlarge/338/232/6000200338232.jpg,2,Sold by Walmart,"SHRIMP, SODIUM PHOSPHATE, SALT. MAY CONTAIN SULPHITES.","No egg,No fish,No milk,No mustard,No sesame,No soy,No wheat,No lactose,No artificials,No added sugars,Paleo-friendly,Whole30-friendly",Add to Cart; Find in Store,0,,,
Walmart Canada,Frozen,Meatless Alternatives,walmart.ca,https://www.walmart.ca/en/ip/great-value-brown-sugar-bbq-dry-rub-chicken-wings/6000200244577,,825 g (700 g wings),"Walmart.ca > Grocery > Frozen Food > Frozen Meat, Seafood & Alternatives > Frozen Chicken & Turkey",Great Value,Great Value Brown Sugar BBQ Dry Rub Chicken Wings,SKU:6000200244578,UPC:68113134111,ID:6000200244577,Walmart Item #:30346289,$9.97,,,,$1.21/100GR,"Fully cooked wings with a brown sugar BBQ dry rub make these a delicious choice for wing night dinners or snacks.  Bake them, toss them with the dry rub, and then dip them in the buttermilk ranch sauce provided for a perfect finish.","• Fully cooked
• 16% meat protein
• Breaded, cut-up
• Seasoned
• Tips removed
• Bake, toss then dip
• Rub and sauce included
• A fun way to eat your wings
• Quick and easy","[{""Product Type"":""Wings""},{""Cut"":""Wings""},{""Singleserve"":""No""},{""Storage Type"":""Frozen""},{""Walmart Exclusive"":""Yes""},{""Clearout Deal"":""No""},{""Lifestyle\/Dietary Need"":""""}]",https://i5.walmartimages.ca/images/Enlarge/659/670/6000203659670.jpg | https://i5.walmartimages.ca/images/Enlarge/659/668/6000203659668.jpg,2,Sold by Walmart,"Breaded chicken wings: Chicken wings (winglets and drumettes) • Water • Enriched wheat flour • Soybean oil • Salt • Sugars (dextrose) • Sodium tripolyphosphate • Onion powder • Garlic powder • Flavour • Spice. Contains: Wheat. May contain: Sesame. Buttermilk ranch dipping sauce: Water • Soybean oil • Buttermilk (part skim milk, salt, bacterial culture, vitamin A palmitate, vitamin D3) • Sugar • Frozen egg yolk • Modified corn starch • Salt • Milk ingredients • Mustard • Modified milk ingredients • Garlic • Onion powder • Canola oil • Seasoning (yeast extract, milk) • Spices • Herbs • Flavour • Soy lecithin • Polysorbate 60 • Xanthan gum • Cellulose gum • Lactic acid • Citric acid • Potassium sorbate • Sodium benzoate. Contains: Milk • Eggs • Soy • Mustard. Brown sugar BBQ rub: Sugars (sugar, brown sugar, corn maltodextrin) • Salt • Tomato powder • Spice • Onion powder • Canola and/or sunflower oil • Dehydrated parsley • Soy sauce (wheat, water, soybeans, salt) • Silicon dioxide • Caramel colour • Spice extractives • Smoke flavour. Contains: Soy • Wheat.",,Add to Cart; Find in Store,4.4,71,,1
Walmart Canada,Drinks,Coffee,walmart.ca,https://www.walmart.ca/en/ip/tim-hortons-original-blend-coffee/6000199413868,,"30 Servings, 315 g",Walmart.ca > Household Supplies & Pantry > Drinks > Coffee > Coffee Pods,Tim Hortons,Tim Hortons Original Blend Coffee,SKU:6000199413869,UPC:6320911273,ID:6000199413868,Walmart Item #:30272081,$19.87,,,,,"Since 1964, we have been committed to serving a great cup of coffee. The signature flavor in every cup is created using our own unique blend of 100% Arabica beans. Enjoy the taste at home in convenient, Single Serve Coffee Cups, compatible for use in all Keurig® K-CUP® machines.",,"[{""Product Type"":""Pods""},{""Decaffeinated"":""No""},{""Storage Type"":""Shelf""},{""Clearout Deal"":""No""},{""Lifestyle\/Dietary Need"":""No egg,No fish,No milk,No mustard,No sesame,No shellfish,No soy,No sulfite,No wheat,No lactose,No artificials,No added sugars,Paleo-friendly,Vegan-friendly,Vegetarian-friendly,Whole30-friendly""}]",https://i5.walmartimages.ca/images/Enlarge/081/286/6000201081286.jpg | https://i5.walmartimages.ca/images/Enlarge/606/551/6000199606551.jpg | https://i5.walmartimages.ca/images/Enlarge/606/556/6000199606556.jpg,3,Sold by Walmart,Arabica coffee.,"No egg,No fish,No milk,No mustard,No sesame,No shellfish,No soy,No sulfite,No wheat,No lactose,No artificials,No added sugars,Paleo-friendly,Vegan-friendly,Vegetarian-friendly,Whole30-friendly",Add to Cart; Find in Store,4.5,1113,,1
Walmart Canada,Drinks,Soft Drinks/Sodas,walmart.ca,https://www.walmart.ca/en/ip/coca-cola-zero-sugar-zero-caffeine-355ml-can-12-pack/6000202941546,,12 x 355mL,Walmart.ca > Household Supplies & Pantry > Drinks > Soft Drinks > Cola,Coca-Cola,"Coca-Cola Zero Sugar Zero Caffeine 355mL Can, 12 Pack",SKU:6000202941547,UPC:6700001117,ID:6000202941546,Walmart Item #:31245366,$5.47,,,,$0.13/100ML,"The great Coca-Cola taste that Canadians love, with zero sugar and zero calories, and now available with zero caffeine so it can be enjoyed at any time of the day.",,"[{""Flavour"":""Cola""},{""Storage Type"":""Refrigerate""},{""Clearout Deal"":""No""},{""Lifestyle\/Dietary Need"":""No egg,No fish,No milk,No mustard,No sesame,No shellfish,No soy,No sulfite,No wheat,No lactose,No added sugars,Vegan-friendly,Vegetarian-friendly""}]",https://i5.walmartimages.ca/images/Enlarge/312/580/6000203312580.jpg | https://i5.walmartimages.ca/images/Enlarge/312/579/6000203312579.jpg | https://i5.walmartimages.ca/images/Enlarge/991/999/6000203991999.jpg | https://i5.walmartimages.ca/images/Enlarge/991/975/6000203991975.jpg | https://i5.walmartimages.ca/images/Enlarge/991/973/6000203991973.jpg | https://i5.walmartimages.ca/images/Enlarge/992/008/6000203992008.jpg | https://i5.walmartimages.ca/images/Enlarge/992/008/6000203992008.jpg,7,Sold by Walmart,"CARBONATED WATER, CARAMEL COLOUR, PHOSPHORIC ACID, ASPARTAME (CONTAINS PHENYLALANINE), POTASSIUM BENZOATE, NATURAL FLAVOUR, POTASSIUM CITRATE, ACESULFAME-POTASSIUM.","No egg,No fish,No milk,No mustard,No sesame,No shellfish,No soy,No sulfite,No wheat,No lactose,No added sugars,Vegan-friendly,Vegetarian-friendly",Add to Cart; Find in Store,0,,,
Walmart Canada,Drinks,Soft Drinks/Sodas,walmart.ca,https://www.walmart.ca/en/ip/crush-orange-2l-bottle/6000094559960,,2L,Walmart.ca > Household Supplies & Pantry > Drinks > Soft Drinks > Other Soft Drinks,Crush,"Crush Orange, 2L bottle",SKU:10212635,UPC:5600000090,ID:6000094559960,Walmart Item #:9239079,$1.97,,,,$0.1/100ML,"Orange Crush* is like drinking a party, wrapped in a brilliant burst of orange flavour! This 2 L bottle is a convenient size to treat your taste buds-and your friends-to a tidal wave of taste.","• 2 L bottle
• Intense burst of orange flavour
• The first in a family of fun flavours","[{""Flavour"":""Orange""},{""Singleserve"":""No""},{""Storage Type"":""Shelf""},{""Clearout Deal"":""No""},{""Lifestyle\/Dietary Need"":""No egg,No fish,No milk,No mustard,No sesame,No shellfish,No soy,No sulfite,No wheat,No lactose,Vegan-friendly,Vegetarian-friendly""}]",https://i5.walmartimages.ca/images/Enlarge/000/908/999999-56000000908.jpg | https://i5.walmartimages.ca/images/Enlarge/849/159/6000201849159.jpg | https://i5.walmartimages.ca/images/Enlarge/442/126/6000203442126.jpg | https://i5.walmartimages.ca/images/Enlarge/442/133/6000203442133.jpg,4,Sold by Walmart,"CARBONATED WATER, SUGAR/GLUCOSE-FRUCTOSE, CITRIC ACID, SODIUM BENZOATE, ACACIA GUM, NATURAL FLAVOUR, ESTER GUM, COLOUR, SALT, BROMINATED VEGETABLE OIL.","No egg,No fish,No milk,No mustard,No sesame,No shellfish,No soy,No sulfite,No wheat,No lactose,Vegan-friendly,Vegetarian-friendly",Not Sold;,4.8,22,,1
Walmart Canada,Frozen,Pizzas,walmart.ca,https://www.walmart.ca/en/ip/dr-oetker-ristorante-pizza-pepperoni-pesto/6000078571076,,360 g,Walmart.ca > Grocery > Frozen Food > Frozen Pizza,Ristorante,Dr. Oetker Ristorante Pizza Pepperoni Pesto,SKU:10188124,UPC:5833617012,ID:6000078571076,Walmart Item #:30354821,$4.98,,,,$1.4/100GR,"Enjoy the unique combination of pepperoni, authentic Italian pesto, and cherry tomatoes together on our traditional thin crust pizza.",,"[{""Product Type"":""Pepperoni""},{""Storage Type"":""Frozen""},{""Clearout Deal"":""No""},{""Lifestyle\/Dietary Need"":""No egg,No fish,No sesame,No shellfish,No sulfite""}]",https://i5.walmartimages.ca/images/Enlarge/032/854/1032854.jpg,1,Sold by Walmart,"Crust ENRICHED WHEAT FLOUR, WATER, SOYA OIL, YEAST, SALT, SUGAR Sauces TOMATO PUREE, WATER, PESTO SAUCE (CANOLA OIL, WATER, BASIL, PARSLEY, SPINACH, GARLIC POWDER, MODIFIED CORN STARCH, MODIFIED PALM OIL, SPICE, DEXTROSE, HYDROLYZED CORN PROTEIN, SALT, MONO AND DIGLYCERIDES, CONCENTRATED LEMON JUICE, SOYA OIL, CARAMEL COLOUR), SUGAR, OLIVE OIL, SALT, BASIL, MODIFIED CORN STARCH, SPICES, HERBS, CONCENTRATED LEMON JUICE, GARLIC POWDER, SOYA OIL Toppings CHERRY TOMATOES, PEPPERONI (PORK, SALT, SPICES, DEXTROSE, WATER, ONION POWDER, SPICE EXTRACTS, GARLIC POWDER, ASCORBIC ACID, SODIUM NITRITE, BACTERIAL CULTURE, SODIUM ASCORBATE, SMOKE), MOZZARELLA CHEESE (MILK, BACTERIAL CULTURE, SALT, MICROBIAL ENZYME, CALCIUM CHLORIDE), HERBS Cheeses MOZZARELLA AND EDAM CHEESE (MILK, BACTERIAL CULTURE, SALT, MICROBIAL ENZYME, CALCIUM CHLORIDE) Contains: Wheat, Milk","No egg,No fish,No sesame,No shellfish,No sulfite",Add to Cart; Find in Store,5,1,,
Walmart Canada,Frozen,Pizzas,walmart.ca,https://www.walmart.ca/en/ip/dr-oetker-ristorante-margherita-pizza/6000196727278,,330 g,Walmart.ca > Grocery > Frozen Food > Frozen Pizza,Dr.Oetker,Dr. Oetker Ristorante Margherita Pizza,SKU:6000196727279,UPC:5833669000,ID:6000196727278,Walmart Item #:31326441,$4.98,,,,$1.51/100GR,"Experience passion on your palate with Ristorante! Thin & crispy Italian-style pizza. Dr. Oetker Ristorante Margherita thin crust pizza is topped with delicious mozzarella cheese, diced juicy tomatoes, marinated tomatoes and our tomato signature pizzeria style sauce. Enjoy delicious pizza moments with Dr Oetker! 
• Mozzarella Cheese and Tomatoes 
• Cook Time: 13-14 minutes 
• Made in Canada from domestic and imported ingredients

Cooking Instructions:
1. Preheat oven to 425 °F (220 °C).
2. Remove pizza from all packaging.
3. Place frozen pizza directly on the middle oven rack. Bake 13-14 min and until cheese is melted and crust is golden brown.
CAUTION: Pizza will be very hot","Vegetarian
Made in Canada","[{""Product Type"":""Cheese""},{""Storage Type"":""Frozen""},{""Clearout Deal"":""No""},{""Lifestyle\/Dietary Need"":""No egg,No fish,No mustard,No sesame,No shellfish,No sulfite,No artificials,Vegetarian-friendly""}]",https://i5.walmartimages.ca/images/Enlarge/690/006/999999-58336690006.jpg | https://i5.walmartimages.ca/images/Enlarge/06_/nft/58336690006_NFT.jpg | https://i5.walmartimages.ca/images/Enlarge/06_/nft/58336690006_NFT.jpg,3,Sold by Walmart,"Crust ENRICHED WHEAT FLOUR, WATER, SOYA OIL, YEAST, SALT, SUGAR Cheese MOZZARELLA CHEESE (MILK, BACTERIAL CULTURE, SALT, MICROBIAL ENZYME, CALCIUM CHLORIDE)  Sauces TOMATO PUREE, WATER, OLIVE OIL, HERBS, OLIVE PASTE (OLIVES, WATER, SOYA OIL, MODIFIED CORN STARCH), SALT, SUGAR, MODIFIED CORN STARCH, SPICES, GARLIC POWDER, SOYA OIL Toppings DICED TOMATOES, MARINATED TOMATOES (DRIED TOMATOES, SUNFLOWER OIL, SALT, GARLIC, HERBS, CITRIC ACID), HERBS Contains: Wheat, Milk","No egg,No fish,No mustard,No sesame,No shellfish,No sulfite,No artificials,Vegetarian-friendly",Add to Cart; Find in Store,2.5,6,,
Walmart Canada,Frozen,Pizzas,walmart.ca,https://www.walmart.ca/en/ip/great-value-rising-crust-4-cheese-pizza/6000199768111,,632 g,Walmart.ca > Grocery > Frozen Food > Frozen Pizza,Great Value,Great Value Rising Crust 4 Cheese Pizza,SKU:6000199768112,UPC:62891582903,ID:6000199768111,Walmart Item #:30041907,$3.97,,,,$0.63/100GR,"Delicious flavour is baked in to every slice of Great Value Rising Crust Four Cheese Pizza. Easy to prepare and made to enjoy, this rising crust pizza is topped with an incredible combination of toppings that include an Italian-style tomato sauce, mozzarella, asiago, parmesan and romano cheeses. Pizza night has never been so easy!","• Mozzarella, asiago, parmesan & romano cheeses
• Cook time: 20 minutes
• Made in Canada from domestic and imported ingredients
• Free from artificial flavours and colours","[{""Product Type"":""Cheese""},{""Storage Type"":""Frozen""},{""Walmart Exclusive"":""Yes""},{""Clearout Deal"":""No""},{""Lifestyle\/Dietary Need"":""No artificials""}]",https://i5.walmartimages.ca/images/Enlarge/800/315/6000199800315.jpg | https://i5.walmartimages.ca/images/Enlarge/903/7_1/628915829037_1.jpg | https://i5.walmartimages.ca/images/Enlarge/37_/nft/628915829037_NFT.jpg,3,Sold by Walmart,"Crust: enriched wheat flour, water, sugar, yeast, soybean oil, corn meal, salt, baking soda, sodium aluminium phosphate, dough conditioners (wheat flour, dextrose, acetyl tartaric acid esters of mono- and diglycerides, soybean oil, ascorbic acid, enzymes, l-cysteine). Toppings: mozzarella cheese (part skim milk, bacterial culture, salt, calcium chloride, microbial enzyme), asiago cheese (part skim milk, salt, lipase, bacterial culture, microbial enzyme, calcium chloride), parmesan cheese (milk, salt, powdered cellulose, modified milk ingredients, lipase, microbial enzyme, bacterial culture, natamycin), romano cheese (milk, salt, modified milk ingredients, lipase, microbial enzyme, bacterial culture, powdered cellulose, natamycin). Sauce: (water, tomato paste, tomato purée, extra virgin olive oil, sugar, spice, salt, garlic, parsley, basil, modified corn starch), powdered cellulose. Contains: milk, soy, wheat. May contain: mustard.",No artificials,Add to Cart; Find in Store,5,1,,
Walmart Canada,Frozen,Pizzas,walmart.ca,https://www.walmart.ca/en/ip/great-value-thin-and-crispy-garden-vegetable-and-feta-cheese-pizza/6000199206782,,410 g,Walmart.ca > Grocery > Frozen Food > Frozen Pizza,Great Value,Great Value Thin and Crispy Garden Vegetable and Feta Cheese Pizza,SKU:6000199206783,UPC:62891582899,ID:6000199206782,Walmart Item #:30747879,$3.27,,,,$327/100GR,"No matter how you slice it, Great Value Thin & Crispy Crust Garden Vegetable and Feta Cheese Pizza delivers outstanding flavour and incredible quality in every box. Enjoy every delicious bite of this thin and crispy pizza featuring tomato sauce, mozzarella and feta cheeses, spinach, red and yellow bell peppers, mushrooms and red onions. Pizza night has never been so easy!","• Mozzarella and feta cheeses, spinach, red and yellow bell peppers, mushrooms and red onions
• Cook time: 13 minutes
• Made in Canada from domestic and imported ingredients
• Free from artificial flavours and colours","[{""Product Type"":""Vegetarian""},{""Storage Type"":""Frozen""},{""Walmart Exclusive"":""Yes""},{""Lifestyle\/Dietary Need"":""Vegetarian-friendly""}]",https://i5.walmartimages.ca/images/Enlarge/800/943/6000199800943.jpg | https://i5.walmartimages.ca/images/Enlarge/899/3_1/628915828993_1.jpg | https://i5.walmartimages.ca/images/Enlarge/93_/nft/628915828993_NFT.jpg,3,Sold by Walmart,"Crust: enriched wheat flour, water, canola oil, yeast, sugar, salt, guar gum. Toppings: mozzarella cheese (part skim milk, modified milk ingredients, bacterial culture, salt, calcium chloride, microbial enzyme), spinach, red and yellow bell peppers, mushrooms, feta cheese (milk and/or modified milk ingredients, bacterial culture, microbial enzyme, calcium chloride, salt, cellulose, natamycin), red onions, italian seasoning (dehydrated vegetables, salt, sugar, spices, modified corn starch, sunflower oil, caramel colour). Sauce: water, crushed tomatoes, extra virgin olive oil, sugar, salt, garlic powder, vinegar, spice, onion powder. Contains: milk, wheat. May contain: eggs, soy, mustard.",Vegetarian-friendly,Add to Cart; Find in Store,4.4,5,,1
Walmart Canada,Drinks,Soft Drinks/Sodas,walmart.ca,https://www.walmart.ca/en/ip/pepsi-222ml-cans-15-pack/6000197310623,,15x222mL,Walmart.ca > Household Supplies & Pantry > Drinks > Soft Drinks > Cola,Pepsi,"Pepsi, 222mL Cans, 15 Pack",SKU:6000197310624,UPC:6900016022,ID:6000197310623,Walmart Item #:31340182,$5.67,,,,$0.17/100ML,"Pepsi® soft drink is a bold, refreshing, robust cola. Perfect for parties, meals and celebrations big and small. This 15-pack of 222 mL sleek cans is ideal for sharing with family and friends, and great for portion control.","•Bold, refreshing, great tasting cola.
•Perfect for any occasion or celebration
•15-pack of 222 mL sleek cans is ideal for sharing and great for portion control.
•","[{""Flavour"":""Cola""},{""Singleserve"":""No""},{""Storage Type"":""Shelf""},{""Clearout Deal"":""No""},{""Lifestyle\/Dietary Need"":""No egg,No fish,No milk,No mustard,No sesame,No shellfish,No soy,No sulfite,No wheat,No lactose,Kosher,Vegan-friendly,Vegetarian-friendly""}]",https://i5.walmartimages.ca/images/Enlarge/416/755/6000198416755.jpg | https://i5.walmartimages.ca/images/Enlarge/416/732/6000198416732.jpg | https://i5.walmartimages.ca/images/Enlarge/394/455/6000202394455.jpg | https://i5.walmartimages.ca/images/Enlarge/849/653/6000201849653.jpg | https://i5.walmartimages.ca/images/Enlarge/394/456/6000202394456.jpg | https://i5.walmartimages.ca/images/Enlarge/849/654/6000201849654.jpg | https://i5.walmartimages.ca/images/Enlarge/394/457/6000202394457.jpg,7,Sold by Walmart,"INGREDIENTS: CARBONATED WATER, GLUCOSE-FRUCTOSE AND/OR SUGAR, CARAMEL COLOUR, PHOSPHORIC ACID, CAFFEINE, CITRIC ACID, NATURAL FLAVOUR.","No egg,No fish,No milk,No mustard,No sesame,No shellfish,No soy,No sulfite,No wheat,No lactose,Kosher,Vegan-friendly,Vegetarian-friendly",Add to Cart; Find in Store,4.6,35,,
Walmart Canada,Frozen,Pizzas,walmart.ca,https://www.walmart.ca/en/ip/pillsbury-pizza-pops-pepperoni-pizza-snacks/6000198591268,,"30 pizza snacks, 3 kg",Walmart.ca > Grocery > Frozen Food > Frozen Pizza,Pillsbury,Pillsbury Pizza Pops Pepperoni Pizza Snacks,SKU:6000198591269,UPC:6905249525,ID:6000198591268,Walmart Item #:31586987,$17.48,,,,$58.27/100GR,"Need to fill that afternoon hunger gap? Chow down on a warm and delicious Pepperoni Pillsbury Pizza Pop. Filled with gooey cheese and loaded with meaty pepperoni, Pizza Pops are the perfect after-school snack.","• The perfect after-school snack for kids!
• Canada’s Best Selling Pizza Snack!
• Try all 7 great flavours to meet all your pizza cravings
• Try our Crispy Crust for a bigger pizza meal!
• Box contains: 30 pizza snacks","[{""Product Type"":""Handhelds & Pockets""},{""Storage Type"":""Frozen""},{""Clearout Deal"":""No""},{""Lifestyle\/Dietary Need"":""No egg,No fish,No sesame,No shellfish,No sulfite,No artificials""}]",https://i5.walmartimages.ca/images/Enlarge/197/251/6000199197251.jpg | https://i5.walmartimages.ca/images/Enlarge/197/289/6000199197289.jpg | https://i5.walmartimages.ca/images/Enlarge/779/552/6000201779552.jpg | https://i5.walmartimages.ca/images/Enlarge/779/589/6000201779589.jpg | https://i5.walmartimages.ca/images/Enlarge/779/613/6000201779613.jpg | https://i5.walmartimages.ca/images/Enlarge/779/621/6000201779621.jpg,6,Sold by Walmart,"ENRICHED WHEAT FLOUR, WATER,PIZZA TOPPING (WATER, PALM OIL, MODIFIED CORN STARCH, DRIED FAT FREE MOZZARELLA CHEESE [ SKIM MILK, BACTERIAL CULTURES, SALT, MICROBIAL ENZYMES], SOYBEAN OIL, RENNET CASEIN, SALT, SODIUM ALUMINUM PHOSPHATE, POTASSIUM CHLORIDE, CITRIC ACID, GUAR GUM, POTASSIUM SORBATE, TRISODIUM PHOSPHATE, SODIUM CITRATE, TITANIUM DIOXIDE, NATURAL FLAVOUR) AND/OR PIZZA TOPPING (WATER, PALM OIL, MODIFIED POTATO STARCH, RENNET CASEIN, MODIFIED CORN STARCH, SODIUM CITARTE, POTASSIUM CHLORIDE, LACTIC ACID, SODIUM ALUMINUM PHOSPHATE, SALT, SODIUM PHOSPHATE, CARRAGEENAN, NATURAL FLAVOUR [CONTAINS MODIFIED MILK INGREDIENTS], TITANIUM DIOXIDE), COOKED PEPPERONI, CANOLA OIL, CONCENTRATED TOMATO PASTE, SUGAR, SALT, MODIFIED CORN STARCH, DEXTROSE, SPICES, SODIUM STEAROYL-2-LACTYLATE, BAKING SODA, SODIUM ALUMINUM PHOSPHATE, METHYLCELLULOSE, ONION POWDER, CITRIC ACID, NATURAL FLAVOUR, GARLIC POWDER, GLUCONO DELTA-LACTONE, MONOCALCIUM PHOSPHATE, GLUTAMIC ACID, YEAST EXTRACT, TOMATO POWDER, STEVIA EXTRACT. CONTAINS WHEAT AND MILK INGREDIENTS.","No egg,No fish,No sesame,No shellfish,No sulfite,No artificials",Add to Cart; Find in Store,0,,,
Walmart Canada,Frozen,Pizzas,walmart.ca,https://www.walmart.ca/en/ip/pillsbury-pizza-pops-three-meat-pizza-snacks/6000001845810,,"4 pizza snacks, 400 g",Walmart.ca > Grocery > Frozen Food > Frozen Pizza,Pillsbury,Pillsbury Pizza Pops Three Meat Pizza Snacks,SKU:10284389,UPC:6905220459,ID:6000001845810,Walmart Item #:9129071,$2.64,,,,$0.66/100GR,Golden Pillsbury Pizza Pops loaded with awesome stuff! Packed with pizza goodness for a serious way to satisfy everyone’s pizza craving! Perfect for a quick microwaveable office snack or baked in the oven for a crispy cafeteria treat!,"• Canada’s Best Selling Pizza Snack!
• Try all 7 great flavours to meet all your pizza cravings
• Try our Crispy Crust for a bigger pizza meal!","[{""Product Type"":""Handhelds & Pockets""},{""Storage Type"":""Frozen""},{""Lifestyle\/Dietary Need"":""No egg,No fish,No sesame,No shellfish,No soy,No sulfite""}]",https://i5.walmartimages.ca/images/Enlarge/204/590/999999-69052204590.jpg | https://i5.walmartimages.ca/images/Enlarge/224/0_1/192240_1.jpg | https://i5.walmartimages.ca/images/Enlarge/778/351/6000201778351.jpg | https://i5.walmartimages.ca/images/Enlarge/778/352/6000201778352.jpg | https://i5.walmartimages.ca/images/Enlarge/778/358/6000201778358.jpg | https://i5.walmartimages.ca/images/Enlarge/778/375/6000201778375.jpg,6,Sold by Walmart,"ENRICHED WHEAT FLOUR, WATER, PIZZA TOPPING (WATER, PALM OIL, MODIFIED POTATO STARCH, RENNET CASEIN, MODIFIED CORN STARCH, SODIUM CITRATE, POTASSIUM CHLORIDE, LACTIC ACID, SODIUM ALUMINUM PHOSPHATE, SALT, SODIUM PHOSPHATE, FLAVOUR [CONTAINS MODIFIED MILK INGREDIENTS], COLOUR), CANOLA OIL, TOMATO PASTE, COOKED PEPPERONI, COOKED SAUSAGE, COOKED BACON, SUGAR, SALT, MODIFIED CORN STARCH, DEXTROSE, SODIUM STEAROYL-2-LACTYLATE, METHYLCELLULOSE, BAKING SODA, SODIUM ALUMINUM PHOSPHATE, SPICES, CITRIC ACID, HIGH MONOUNSATURATED CANOLA OIL, MONOCALCIUM PHOSPHATE, MALIC ACID, POTASSIUM SORBATE, NATURAL FLAVOUR, GARLIC EXTRACT, GLUTAMIC ACID, AUTOLYZED YEAST EXTRACT, ONION EXTRACT, TOMATO POWDER, STEVIA EXTRACT. CONTAINS WHEAT AND MILK INGREDIENTS.","No egg,No fish,No sesame,No shellfish,No soy,No sulfite",Add to Cart; Find in Store,0,,,
Walmart Canada,Frozen,Pizzas,walmart.ca,https://www.walmart.ca/en/ip/mccain-classic-pepperoni-pizza-pockets/6000198545721,,"6 packs, 600 g",Walmart.ca > Grocery > Frozen Food > Frozen Appetizers & Snacks,McCain,McCain Classic Pepperoni Pizza Pockets,SKU:6000198545722,UPC:5577300303,ID:6000198545721,Walmart Item #:30515825,$6.27,,,,$627/100GR,"McCain Pepperoni Pizza Pockets are made with real mozzarella, tangy pizza sauce and pepperoni for a quick and tasty baked snack your entire family will love. Pizza Pockets are a delicious after school pizza snack, great for when hunger strikes. Pizza Pockets are quick and easy to prepare. Cook from frozen in the microwave or oven. See full details on packaging.","• Made with real cheese and pepperoni
• Ready in 90 seconds
• Baked, not fried
• No artificial colours or flavours","[{""Storage Type"":""Frozen""},{""Product Type"":""Handhelds & Pockets""},{""Batteries Included"":""N""},{""Features"":""\u2022 Made with real cheese and pepperoni<br>\u2022 Ready in 90 seconds<br>\u2022 Baked""},{""Features"":"" not fried<br>\u2022 No artificial colours or flavours""},{""Clearout Deal"":""No""},{""Lifestyle\/Dietary Need"":""No egg,No fish,No mustard,No sesame,No shellfish,No sulfite""}]",https://i5.walmartimages.com/asr/9d50c099-2de3-4568-86a0-ee15fadc4492.ae824b2721d0c83fc76620854e09f607.jpeg?odnHeight=2000&odnWidth=2000&odnBg=ffffff | https://i5.walmartimages.com/asr/f0a56a78-85fb-45b4-8132-2ab6726d1da0.415fa9f052ac16b0eb67d52d99249f0e.jpeg?odnHeight=2000&odnWidth=2000&odnBg=ffffff,2,Sold by Walmart,"Crust: Wheat Flour, Water, Soya Oil, Ground Flaxseed, Modified Corn Starch, Soy Lecithin, Vegetable Oil Shortening, Yeast, Salt, Sugar, Wheat Gluten. Filling: Pepperoni [Pork, Water, Sea Salt, Cultured Celery Powder (Bacterial Culture), Spices, Tapioca Starch, Sugar, Dehydrated Garlic, Smoke Flavour, Corn Fibre], Water, Part Skim Mozzarella Cheese (Partially Skimmed Milk, Modified Milk Ingredients, Bacterial Culture, Salt, Calcium Chloride, Microbial Enzyme), Tomato Paste, Modified Corn Starch, Sugar, Salt, Corn Starch, Spices, Herbs, Dehydrated Garlic. Contains: Wheat, milk, soy","No egg,No fish,No mustard,No sesame,No shellfish,No sulfite",Add to Cart; Find in Store,4.2,25,,
Walmart Canada,Drinks,Soft Drinks/Sodas,walmart.ca,https://www.walmart.ca/en/ip/dr-pepper-2l-bottle/6000196027141,,2L,Walmart.ca > Household Supplies & Pantry > Drinks > Soft Drinks > Other Soft Drinks,Dr. Pepper,"Dr. Pepper, 2L bottle",SKU:6000196027142,UPC:5490000060,ID:6000196027141,Walmart Item #:9238988,$1.97,,,,$0.1/100ML,"There’s nothing like the great taste of Dr. Pepper*. For over 125 years, its signature blend of 23 flavours has continued to make every sip truly unique. This 2 L bottle gives Dr Pepper* fans the refreshing flavour they crave.","•2 L bottle
•Signature blend of 23 flavours
•A flavour favourite for over 125 years
•Always an original","[{""Flavour"":""Cola""},{""Singleserve"":""No""},{""Storage Type"":""Shelf""},{""Clearout Deal"":""No""},{""Lifestyle\/Dietary Need"":""No egg,No fish,No milk,No mustard,No sesame,No shellfish,No soy,No sulfite,No wheat,No lactose,Vegan-friendly,Vegetarian-friendly""}]",https://i5.walmartimages.ca/images/Enlarge/000/608/999999-54900000608.jpg | https://i5.walmartimages.ca/images/Enlarge/060/8_1/999999-54900000608_1.jpg | https://i5.walmartimages.ca/images/Enlarge/849/696/6000201849696.jpg | https://i5.walmartimages.ca/images/Enlarge/849/698/6000201849698.jpg | https://i5.walmartimages.ca/images/Enlarge/08_/nft/54900000608_NFT.jpg | https://i5.walmartimages.ca/images/Enlarge/08_/nft/54900000608_NFT.jpg,6,Sold by Walmart,"CARBONATED WATER, SUGAR/GLUCOSE-FRUCTOSE, COLOUR, PHOSPHORIC ACID,NATURAL AND ARTIFICIAL FLAVOURS, SODIUM BENZOATE, CAFFEIN, PEG","No egg,No fish,No milk,No mustard,No sesame,No shellfish,No soy,No sulfite,No wheat,No lactose,Vegan-friendly,Vegetarian-friendly",Add to Cart; Find in Store,4.8,287,,
Walmart Canada,Frozen,Pizzas,walmart.ca,https://www.walmart.ca/en/ip/delissio-singles-pepperoni-2-x-183-g/6000201002848,,366 GR,Walmart.ca > Grocery > Frozen Food > Frozen Pizza,Delissio,Delissio Singles Pepperoni 2 x 183 g,SKU:6000201002849,UPC:7192100412,ID:6000201002848,Walmart Item #:30228457,$4.97,,,,$1.36/100GR,"There'll be no fighting over the last slice with these personal-sized pizzas! Delissio Singles Pepperoni Pizzas (2 x 183 g) are a 2-pack of individual-sized pizzas, delivering big flavour in a smaller pizza. Each pizza is topped with classic pepperoni and cheese over a traditional golden crust. It may be small but it sure packs a mighty flavour punch. Plus it's proudly prepared with high quality ingredients right here in Canada. It's not delivery, it's Delissio!","• 2 individual-sized pizzas, featuring a traditional crispy crust topped classic pepperoni and cheese
• Proudly prepared in Canada with high quality ingredients
• Small but mighty, these individual pizzas are the perfect meal for one
• This 2-pack includes 2 irresistible small pizzas
• It's not delivery, it's Delissio!","[{""Storage Type"":""Frozen""},{""Product Type"":""Pepperoni""},{""Features"":""\u2022 2 individual-sized pizzas""},{""Features"":"" featuring a traditional crispy crust topped classic pepperoni and cheese<br>\u2022 Proudly prepared in Canada with high quality ingredients<br>\u2022 Small but mighty""},{""Features"":"" these individual pizzas are the perfect meal for one<br>\u2022 This 2-pack includes 2 irresistible small pizzas<br>\u2022 It's not delivery""},{""Batteries Included"":""N""},{""Clearout Deal"":""No""},{""Lifestyle\/Dietary Need"":""""}]",https://i5.walmartimages.com/asr/b5e3f5a6-6f35-42aa-b121-6073690982a3.0df596553ec1339139c993c378bf4f8d.jpeg?odnHeight=2000&odnWidth=2000&odnBg=ffffff | https://i5.walmartimages.com/asr/8082ecaa-6921-4bb4-8a9d-f42da1087310.98d4533f23d28726462623190ad11f79.jpeg?odnHeight=2000&odnWidth=2000&odnBg=ffffff | https://i5.walmartimages.com/asr/d1a84be5-687a-4fe0-a896-14c83a923fed.a9e335578ef7830410ec53074b62073f.jpeg?odnHeight=2000&odnWidth=2000&odnBg=ffffff | https://i5.walmartimages.com/asr/08fa476a-64b4-4a72-8bea-fe05daecb9eb.53696397c5a51f88da08b68f7658a40b.jpeg?odnHeight=2000&odnWidth=2000&odnBg=ffffff | https://i5.walmartimages.com/asr/3ab43029-c901-4803-a4a1-e5a22a9e756e.189df760bc26e6745ca8d018a97dca79.jpeg?odnHeight=2000&odnWidth=2000&odnBg=ffffff | https://i5.walmartimages.com/asr/76126501-55a4-40a7-9fa1-b6ad611bbdd0.b9d0aaf80ed4358f22a30697a2aa5016.jpeg?odnHeight=2000&odnWidth=2000&odnBg=ffffff,6,Sold by Walmart,Crust (Wheat Flour,,Add to Cart; Find in Store,3.9,133,,
Walmart Canada,Frozen,Meatless Alternatives,walmart.ca,https://www.walmart.ca/en/ip/mina-halal-tandoori-chicken-burgers/6000198516604,,600 g,Walmart.ca > Grocery > Seasonal Holidays > Diwali Celebration > Diwali Meals,Mina,Mina Halal Tandoori Chicken Burgers,SKU:6000198516605,UPC:6310029715,ID:6000198516604,Walmart Item #:31577866,$8.97,,,,$1.5/100GR,"Bring the rich taste of tandoori chicken to your family table with Mina® Halal Tandoori Chicken Burgers. Raised on Canadian farms, our chickens are individually blessed and strictly Zabeeha by hand. An ideal choice for a light at-home meal addition or snack, these frozen raw unbreaded chicken burgers are seasoned with a flavourful blend of tandoori spices. Enjoy these chicken patties on a bun or in a pita with your favourite toppings. A proudly Canadian brand, Mina® strictly adheres to the most stringent halal process and is verified by the Halal Monitoring Authority (HMA).","CONVENIENT MEAL: Seasoned with tandoori spices, these raw unbreaded chicken burgers are ready to cook and serve with your favourite toppings
HALAL TANDOORI CHICKEN: Mina® brand uses only Canadian farm-raised chicken to create these tandoori chicken patties
ZABEEHA BY HAND: Chickens are Zabeeha by hand to ensure humane treatment
NO ARTIFICIAL FLAVOURS: Mina® brand products contain no artificial flavours
COOK WITH CONFIDENCE: Certified by the Halal Monitoring Authority, Mina® brand strictly adheres to the most stringent halal process so our customers can cook with confidence","[{""Product Type"":""Other""},{""Cut"":""Burgers""},{""Storage Type"":""Frozen""},{""International Foods"":""Indian & South Asian""},{""International Foods"":""Middle Eastern""},{""Clearout Deal"":""No""},{""Lifestyle\/Dietary Need"":""Halal""}]",https://i5.walmartimages.ca/images/Enlarge/911/128/6000198911128.jpg | https://i5.walmartimages.ca/images/Enlarge/235/120/6000204235120.jpg | https://i5.walmartimages.ca/images/Enlarge/235/121/6000204235121.jpg | https://i5.walmartimages.ca/images/Enlarge/474/164/6000203474164.jpg,4,Sold by Walmart,"Chicken, chicken skin; water, soy protein product, spice, dextrose, sea salt, salt, onion powder, spice extract, sodium diacetate, dried garlic. Contains: soy.",Halal,Add to Cart; Find in Store,5,1,,1
Walmart Canada,Frozen,Meatless Alternatives,walmart.ca,https://www.walmart.ca/en/ip/black-river-bacon-wrapped-beef-medallions/6000197888180,,,"Walmart.ca > Grocery > Frozen Food > Frozen Meat, Seafood & Alternatives > Frozen Beef",Black River Angus,Black River Bacon Wrapped Beef Medallions,SKU:6000197888181,UPC:62891555527,ID:6000197888180,Walmart Item #:30181172,$19.97,,,,$1997/100GR,"Our flavourful and extra tender beef sirloin medallions, wrapped in bacon, are lightly seasoned and perfect for any occasion – and sure to be the star of any gourmet meal.",,"[{""Cut"":""Other""},{""Product Type"":""Other""},{""Storage Type"":""Frozen""},{""Clearout Deal"":""No""},{""Lifestyle\/Dietary Need"":""N\/A""}]",https://i5.walmartimages.ca/images/Enlarge/509/609/6000198509609.jpg,1,Sold by Walmart,"Beef, Bacon (pork, water, salt, sodium phosphate, sodium erythorbate, sodium nitrite, smoke), Water, Vinegar, Dehydrated garlic, Salt, Spices, Cultured dextrose (corn maltodextrin), Flavour, Sodium phosphate, Canola oil, Citric acid, Dehydrated red bell pepper",N/A,Add to Cart; Find in Store,3,4,,
Walmart Canada,Frozen,Meatless Alternatives,walmart.ca,https://www.walmart.ca/en/ip/our-finest-prime-cuts-beef-burgers/6000188975354,,"8 x 142 g, 1.13 kg","Walmart.ca > Grocery > Frozen Food > Frozen Meat, Seafood & Alternatives > Frozen Beef",Our Finest,Our Finest Prime Cuts Beef Burgers,SKU:6000188975355,UPC:68113191304,ID:6000188975354,Walmart Item #:30408475,$12.97,,,,$0.01/1GR,"Combining two cuts of sirloin and prime rib beef, these mouth-watering burgers are sure to be a moist and flavourful crowd-pleaser. Our FinestTM – premium quality ingredients
and the best we have to offer from our table to yours.",,"[{""Cut"":""Burgers""},{""Product Type"":""Beef""},{""Storage Type"":""Frozen""},{""Walmart Exclusive"":""Yes""},{""Clearout Deal"":""No""},{""Lifestyle\/Dietary Need"":""No artificials,No added sugars,Paleo-friendly,Whole30-friendly""}]",https://i5.walmartimages.ca/images/Enlarge/913/041/681131913041.jpg | https://i5.walmartimages.ca/images/Enlarge/304/1_1/681131913041_1.jpg | https://i5.walmartimages.ca/images/Enlarge/41_/nft/681131913041_NFT.jpg,3,Sold by Walmart,,"No artificials,No added sugars,Paleo-friendly,Whole30-friendly",Add to Cart; Find in Store,4.3,6,,2
Walmart Canada,Frozen,Meatless Alternatives,walmart.ca,https://www.walmart.ca/en/ip/our-finest-garlic-herb-colossal-butterflied-shrimp/6000196037794,,340 g,"Walmart.ca > Grocery > Frozen Food > Frozen Meat, Seafood & Alternatives > Frozen Fish & Seafood",Our Finest,Our Finest Garlic & Herb Colossal Butterflied Shrimp,SKU:6000196037795,UPC:62891516519,ID:6000196037794,Walmart Item #:31094583,$11,,,,$3.24/100GR,"Succulent shell-on butterﬂied shrimp marinated in a delicious blend of garlic, parsley and oregano. Meaty in texture and large on taste, these shrimp are perfect for grilling. Our Finest – premium quality ingredients and the best we have to offer, from our table to yours.",,"[{""Cut"":""Seafood""},{""Storage Type"":""Frozen""},{""Walmart Exclusive"":""Yes""},{""Clearout Deal"":""No""},{""Lifestyle\/Dietary Need"":""No artificials""}]",https://i5.walmartimages.ca/images/Enlarge/165/197/628915165197.jpg | https://i5.walmartimages.ca/images/Enlarge/519/7_1/628915165197_1.jpg | https://i5.walmartimages.ca/images/Enlarge/97_/nft/628915165197_NFT.jpg | https://i5.walmartimages.ca/images/Enlarge/97_/nft/628915165197_NFT.jpg,4,Sold by Walmart,"Shrimp, water, garlic powder, sodium trupolyphosphate, salt, maltodextrin, modified tapioca starch, sugar, natural lemon flavour, spices, parsley, dextrose, xanthan gum, yeast extract, silicon dioxide, ctric acid. Contains: shrimp",No artificials,Add to Cart; Find in Store,4.3,4,,2
Walmart Canada,Frozen,Meatless Alternatives,walmart.ca,https://www.walmart.ca/en/ip/ocean-dragon-basa-steak/6000198520764,,454g,Walmart.ca > Household Supplies & Pantry > International Foods > Chinese & East Asian,Ocean Dragon,Ocean Dragon Basa Steak,SKU:6000198520765,UPC:5937180384,ID:6000198520764,Walmart Item #:31578548,$3.98,,,,$0.88/100GR,Ocean Dragon Basa Steaks are perfect for the BBQ.   Product of Vietnam.  Uncooked.  Keep Frozen.  5-6 steaks per bag.,,"[{""Cut"":""Seafood""},{""Product Type"":""Seafood""},{""Storage Type"":""Frozen""},{""Clearout Deal"":""No""},{""Lifestyle\/Dietary Need"":""""}]",https://i5.walmartimages.ca/images/Enlarge/338/851/6000200338851.jpg,1,Sold by Walmart,Basa,,Add to Cart; Find in Store,0,,,1
Walmart Canada,Frozen,Meatless Alternatives,walmart.ca,https://www.walmart.ca/en/ip/great-value-southern-style-chicken-breast-chunks/6000196383021,,750 g,"Walmart.ca > Grocery > Frozen Food > Frozen Meat, Seafood & Alternatives > Frozen Chicken & Turkey",Great Value,Great Value Southern Style Chicken Breast Chunks,SKU:6000196383022,UPC:62891538048,ID:6000196383021,Walmart Item #:30371251,$10.97,,,,$1.46/100GR,"Great Value Southern Style Chicken Chunks are an easy and tasty meal to serve your family on those busy nights. In a seasoned Southern Style breading, these chicken breast chunks are fully cooked and come with a creamy ranch dipping sauce. Keep a box or two in your freezer so that you always have a fast meal that will have your family smiling.

The Great Value brand strives to provide Canadian families everyday value that does not compromise on quality. All of our Great Value products come with a 100% satisfaction guarantee, or your money back. With Great Value, you can feel confident that you are making a great choice!",,"[{""Product Type"":""Chicken Breasts""},{""Cut"":""Nuggets & Bites""},{""Storage Type"":""Frozen""},{""Walmart Exclusive"":""Yes""},{""Clearout Deal"":""No""},{""Lifestyle\/Dietary Need"":""""}]",https://i5.walmartimages.ca/images/Enlarge/631/428/6000196631428.jpg | https://i5.walmartimages.ca/images/Enlarge/631/429/6000196631429.jpg,2,Sold by Walmart,"Boneless skinless chicken breast, water, soy protein isolate, salt, flavour, sodium phosphate, potassium chloride, spices, onion powder, garlic powder. In a coating of: enriched wheat flour, water, soybean oil, modified corn starch, toasted wheat crumbs, corn flour, wheat gluten, salt, spice, egg white powder (baker's yeast, citric acid), soy protein isolate, onion powder, modified milk ingredients, sugar, whole egg powder, garlic powder, sodium bicarbonate, sodium acid pyrophosphate, monocalcium phosphate. Ranch sauce: water, soybean oil, frozen egg yolk, modified corn starch, vinegar, sugar, salt, modified milk ingredients, mustard, dried garlic and onion, seasoning, flavour, polysorbate 80, titanium dioxide, xanthan and guar gum, sodium alginate, disodium inosinate and guanylate, monosodium glutamate, soy lecithin, spices, citric acid, potassium sorbate, sodium benzoate, disodium EDTA. Contains: milk, eggs, soy, wheat, mustard. May contain: sesame, fish.",,Add to Cart; Find in Store,2,2,,
Walmart Canada,Frozen,Meatless Alternatives,walmart.ca,https://www.walmart.ca/en/ip/zabiha-halal-chicken-fries/6000200074829,,800g,"Walmart.ca > Grocery > Frozen Food > Frozen Meat, Seafood & Alternatives > Frozen Chicken & Turkey",Zabiha Halal,Zabiha Halal Chicken Fries,SKU:6000200074830,UPC:6771400793,ID:6000200074829,Walmart Item #:30930988,$9.97,,,,,"Made with 100% chicken breast meat, packed with omega-3 and full of flavour, they’re the perfect quick and tasty snack and are guaranteed kid-approved!",,"[{""Cut"":""Strips""},{""Product Type"":""Chicken""},{""Storage Type"":""Frozen""},{""Clearout Deal"":""No""},{""Lifestyle\/Dietary Need"":""No fish,No mustard,No sesame,No shellfish,No sulfite,No lactose,No artificials""}]",https://i5.walmartimages.ca/images/Enlarge/801/475/6000202801475.jpg,1,Sold by Walmart,Cutlette: Chicken • Water • Toasted wheat crumbs • Soy protein isolate • Salt • Sugars (dextrose) • Garlic powder • Onion powder • Spices. Breading: Toasted wheat crumbs with spice extracts • Water • Soybean oil • Yellow corn flour • Wheat flour • Modified corn starch • Salt • Baking powder • Soy protein isolate • Defatted soy flour • Guar gum. Contains: Soy • Wheat May contain: Egg • Milk,"No fish,No mustard,No sesame,No shellfish,No sulfite,No lactose,No artificials",Add to Cart; Find in Store,3,2,,
Walmart Canada,Frozen,Meatless Alternatives,walmart.ca,https://www.walmart.ca/en/ip/lemon-pepper-oven-ready-alaskan-cod/6000200232542,,"Wild Caught Fillets, 500g","Walmart.ca > Grocery > Frozen Food > Frozen Meat, Seafood & Alternatives > Frozen Fish & Seafood",Aquastar,Lemon Pepper Oven Ready Alaskan Cod,SKU:6000200232543,UPC:73114939441,ID:6000200232542,Walmart Item #:30198730,$9.97,,,,$1.99/100GR,"The wild caught Alaskan Cod fillets are all natural and frozen at sea to lock in freshness. We hand-cut each fillet, then lightly coat with a savory, golden breadcrumb coating for a mouthwatering crunch.","- Product of Canada
- MSC Certified 
- Wild Caught Fillets
- 6 to 7 Fillets","[{""Cut"":""Fillets""},{""Product Type"":""Seafood""},{""Singleserve"":""No""},{""Storage Type"":""Frozen""},{""Clearout Deal"":""No""},{""Lifestyle\/Dietary Need"":""N\/A""}]",https://i5.walmartimages.ca/images/Enlarge/260/516/6000200260516.jpg | https://i5.walmartimages.ca/images/Enlarge/464/716/6000201464716.jpg | https://i5.walmartimages.ca/images/Enlarge/550/156/6000201550156.jpg | https://i5.walmartimages.ca/images/Enlarge/550/160/6000201550160.jpg,4,Sold by Walmart,"Cod, Toasted Wheat Crumbs with Spice Extract, Water, Soybean Oil, Modified Corn Starch, Toasted Wheat Crumbs, Wheat Flour, Sugars (Sugar, Glucose Solids, Corn Maltodextrin), Salt, Tapioca Dextrin, Spices, Vegetable Oil (Canola &/or Sunflower), Granulated Garlic, Citric Acid, Natural Flavours (Contains Soy Lecithin), Baking Powder, Pea Protein Isolate, Lemon Juice Concentrate, Methylcellulose, Yellow Corn Flour, Spice Extractives, Guar Gum",N/A,Add to Cart; Find in Store,0,,,
Walmart Canada,Frozen,Meatless Alternatives,walmart.ca,https://www.walmart.ca/en/ip/yorkshire-valley-farms-organic-chicken-bites-454g/6000200275349,,,"Walmart.ca > Grocery > Frozen Food > Frozen Meat, Seafood & Alternatives > Frozen Chicken & Turkey",Yorkshire Valley Farms,Yorkshire Valley Farms Organic Chicken Bites 454g,SKU:6000200275350,UPC:73235278065,ID:6000200275349,Walmart Item #:30540720,$13.97,,,,,"At Yorkshire Valley Farms, we are committed to bringing you a range of organic, free-range chicken products that are both good for you and kind to the environment. Our certified organic chickens are raised without the use of antibiotics on family-run farms in barns that are open to sunlight and fresh air. Their diet is made up of a proprietary mix of non-GMO, pesticide and herbicide-free grains, with no animal by-products added. Processing is done to exacting standards in an organically certified facility. And many components of our packaging can be recycled. By taking the best of what nature gives us, we provide you with wholesome, delicious chicken that we can all feel good about, for our families and the world we live in. Enjoy!","- Organic
- Antibiotic-free
- Pesticide and herbicide free
- Non-GMO
- Raised in Canada","[{""Product Type"":""Other""},{""Cut"":""Nuggets & Bites""},{""Singleserve"":""No""},{""Storage Type"":""Frozen""},{""Clearout Deal"":""No""},{""Lifestyle\/Dietary Need"":""""}]",https://i5.walmartimages.ca/images/Enlarge/357/510/6000200357510.jpg,1,Sold by Walmart,"Organic chicken, water, salt, organic onion powder, organic garlic powder, organic spice, organic rice concentrate.  In a batter and breading of: Organic wheat flour, water, toasted wheat crumb, organic canola oil, organic corn starch, salt, organic onion powder, organic spice, organic garlic powder, organic guar gum.  Contains wheat.",,Add to Cart; Find in Store,4,1,,
Walmart Canada,Frozen,Meatless Alternatives,walmart.ca,https://www.walmart.ca/en/ip/high-liner-english-style-haddock-battered-fillets/6000199850268,,600 g,"Walmart.ca > Grocery > Frozen Food > Frozen Meat, Seafood & Alternatives > Frozen Fish & Seafood",High Liner,High Liner English Style Haddock Battered Fillets,SKU:6000199850269,UPC:6176304226,ID:6000199850268,Walmart Item #:30395668,$12.97,,,,$3.05/100GR,"Enjoy traditional English Style battered fish. It offers a light and crispy batter on the outside, with moist and flaky fish on the inside. Caught wild",,"[{""Cut"":""Fillets""},{""Product Type"":""Seafood""},{""Storage Type"":""Frozen""},{""Clearout Deal"":""No""},{""Lifestyle\/Dietary Need"":""No egg,No sesame,No shellfish,No sulfite,No artificials""}]",https://i5.walmartimages.ca/images/Enlarge/259/238/6000203259238.jpg | https://i5.walmartimages.ca/images/Enlarge/227/8_1/999999-61763062278_1.jpg | https://i5.walmartimages.ca/images/Enlarge/259/221/6000203259221.jpg | https://i5.walmartimages.ca/images/Enlarge/259/221/6000203259221.jpg | https://i5.walmartimages.ca/images/Enlarge/227/8_7/999999-61763062278_7.jpg | https://i5.walmartimages.ca/images/Enlarge/227/8_7/999999-61763062278_7.jpg,6,Sold by Walmart,"Ingredients:  Haddock fillets, Toasted wheat crumbs, Water, Vegetable oil (canola/sunflower), Modified corn starch, Flour (wheat, corn, soy), Seasonings (onion, yeast extract, spices, garlic, citric acid), Salt, Baking powder, Natural butter flavour, Sodium phosphate (to retain moisture), Sugar. Contains: Haddock (fish), Wheat, Soy, Milk.","No egg,No sesame,No shellfish,No sulfite,No artificials",Add to Cart; Find in Store,5,1,,1
Walmart Canada,Frozen,Meatless Alternatives,walmart.ca,https://www.walmart.ca/en/ip/yorkshire-valley-farms-organic-boneless-skinless-breasts/6000200275302,,,"Walmart.ca > Grocery > Frozen Food > Frozen Meat, Seafood & Alternatives > Frozen Chicken & Turkey",Yorkshire Valley Farms,Yorkshire Valley Farms Organic Boneless Skinless Breasts,SKU:6000200275303,UPC:84029408003,ID:6000200275302,Walmart Item #:30541750,$25.97,,,,,"At Yorkshire Valley Farms, we are committed to bringing you a range of organic, free-range chicken products that are both good for you and kind to the environment. Our certified organic chickens are raised without the use of antibiotics on family-run farms in barns that are open to sunlight and fresh air. Their diet is made up of a proprietary mix of non-GMO, pesticide and herbicide-free grains, with no animal by-products added. Processing is done to exacting standards in an organically certified facility. And many components of our packaging can be recycled. By taking the best of what nature gives us, we provide you with wholesome, delicious chicken that we can all feel good about, for our families and the world we live in. Enjoy!","- Organic
- Antibiotic-free
- Pesticide and herbicide free
- Non-GMO
- Raised in Canada","[{""Product Type"":""Chicken Breasts""},{""Cut"":""Other""},{""Singleserve"":""No""},{""Storage Type"":""Frozen""},{""Clearout Deal"":""No""},{""Lifestyle\/Dietary Need"":""""}]",https://i5.walmartimages.ca/images/Enlarge/357/535/6000200357535.jpg,1,Sold by Walmart,Organic Chicken,,Add to Cart; Find in Store,0,,,
Walmart Canada,Drinks,Coffee,walmart.ca,https://www.walmart.ca/en/ip/great-value-basket-coffee-filters/6000115218928,,Pack of 250,Walmart.ca > Household Supplies & Pantry > Drinks > Coffee > Filters & Accessories,Great Value,Great Value Basket Coffee Filters,SKU:10257008,UPC:60538887357,ID:6000115218928,Walmart Item #:9232285,$2.97,,,,$0.01/1EA,"Making a great cup of coffee with your Mr. Coffee®, Proctor-Silex™, Black & Decker®, Regal™ or other coffee maker that needs basket filters doesn't have to be expensive when you use Great Value Basket Coffee Filters. Make sure your coffee tastes just right, by keeping your Great Value Basket Coffee Filters stored away in a container from strong odors.","• Great Value Basket Coffee Filters fit most standard coffeemakers requiring 8-12 cup basket filters.&nbsp; They are made with textured paper for superior filtration.&nbsp; The coffee filters absorb undesirable oils and acids.&nbsp; They eliminate gritty sediment while allowing the great coffee taste to come through.&nbsp; Great Value Basket Coffee Filters are steam formed for easy separation.
• 250 filters
• 8-12 cups
• 100% natural
• Made from 100% renewable resources
• 100% biodegradable
• White paper filters
• Lint free
• Provides superior coffee filtration
• Makes clear, flavourful coffee
• Suitable for basket-style coffeemakers
• Separates easily
• Great to use when serving snacks
• Great to use for a variety of craft projects
• Great to clean glassware, fixtures, and windows
Assembled product dimensions: L 6.50 inches x W 6.50 inches x H 4.00 inches x W 0.52 pounds","[{""Flavour"":""Other""},{""Product Type"":""Other""},{""Singleserve"":""No""},{""Storage Type"":""Shelf""},{""Walmart Exclusive"":""Yes""},{""Lifestyle\/Dietary Need"":""""}]",https://i5.walmartimages.ca/images/Enlarge/916/782/6000196916782.jpg,1,Sold by Walmart,n/a,,Add to Cart; Find in Store,2.7,10,,
Walmart Canada,Frozen,Meatless Alternatives,walmart.ca,https://www.walmart.ca/en/ip/tilapia-fish/6000198520003,,300 g,Walmart.ca > Grocery > Seasonal Holidays > Diwali Celebration > Diwali Meals,Ocean Dragon,Tilapia Fish,SKU:6000198520004,UPC:5937179851,ID:6000198520003,Walmart Item #:31578544,$2.47,,,,$0.82/100GR,"Tilapia is gutted, scaled and gilled.  A mild tasting fish.  Pan fry and serve with your favourite side dish.",,"[{""Cut"":""Seafood""},{""Product Type"":""Seafood""},{""Storage Type"":""Frozen""},{""International Foods"":""Chinese""},{""International Foods"":""Indian & South Asian""},{""Lifestyle\/Dietary Need"":""""}]",https://i5.walmartimages.ca/images/Enlarge/308/453/6000200308453.jpg,1,Sold by Walmart,Tilapia,,Add to Cart; Find in Store,0,,,1
Walmart Canada,Frozen,Meatless Alternatives,walmart.ca,https://www.walmart.ca/en/ip/pintys-pub-grill-pintys-pub-and-grill-buffalo-wings/6000057566436,,950 g,"Walmart.ca > Grocery > Frozen Food > Frozen Meat, Seafood & Alternatives > Frozen Chicken & Turkey",Pinty's Pub & Grill,Pinty's Pub & Grill Pinty's Pub And Grill Buffalo Wings,SKU:10154046,UPC:6909462396,ID:6000057566436,Walmart Item #:30444116,$16.97,,,,$1.79/100GR,"\u003Cp>Restaurant quality premium, fully cooked, crispy jumbo wings in the convenience of your home. Customize your wing experience by enjoying them plain, make them as saucy as you like or dip them in the included sauces. The Buffalo wings come with Medium Buffalo Sauce, Hot Sauce and Blue Cheese Pouches.\u003C/p>",\u003Cul>\u003Cli>The ultimate pub experience in a box\u003C/li>\u003Cli>Authentic Flavours in a variety of sauce pouches\u003C/li>\u003Cli>Total customization\u003C/li>\u003Cli>Enjoy the wings plain\u003C/li>\u003Cli>Sauce them\u003C/li>\u003Cli>Dip them\u003C/li>\u003Cli>Take the heat up a notch\u003C/li>\u003Cli>Drizzle on the dressing\u003C/li>\u003Cli>Premium jumbo roasters\u003C/li>\u003Cli>Fully cooked\u003C/li>\u003C/ul>\u003Cp>Assembled product dimensions: L 24.20 cm x W 16.20 cm x H 8.90 cm x W 950.00 grams\u003C/p>,"[{""Product Type"":""Other""},{""Cut"":""Wings""},{""Storage Type"":""Frozen""},{""Clearout Deal"":""No""},{""Lifestyle\/Dietary Need"":""""}]",https://i5.walmartimages.ca/images/Enlarge/113/634/1113634.jpg | https://i5.walmartimages.ca/images/Enlarge/363/4_1/1113634_1.jpg | https://i5.walmartimages.ca/images/Enlarge/363/4_1/1113634_1.jpg,3,Sold by Walmart,,,Add to Cart; Find in Store,2.3,19,,
Walmart Canada,Drinks,Coffee,walmart.ca,https://www.walmart.ca/en/ip/mccaf-premium-roast-recyclable-k-cup-pods-30-count/6000200922520,,30 count,Walmart.ca > Household Supplies & Pantry > Drinks > Coffee > Coffee Pods,McCafe,"McCafé® Premium Roast Recyclable K-Cup® Pods, 30 Count",SKU:6000200922521,UPC:66344760826,ID:6000200922520,Walmart Item #:30312355,$19.97,,,,,"McCafé® Premium Roast Coffee in K-Cup® pods are made with 100% ethically sourced Arabica beans from Rainforest Alliance Certified™ farms. We’re supporting farmers so their communities, and the rainforests around them, can prosper for generations to come.","- Made with 100% ethically sourced Arabica beans
- Rainforest Alliance Certified™
- Traditionally fire-roasted for a rich, delicious full-bodied flavour
- McCafé® K-Cup® pods are recyclable
- Compatible with all Keurig® K-Cup® coffee makers","[{""Product Type"":""Pods""},{""Decaffeinated"":""No""},{""Singleserve"":""Yes""},{""Storage Type"":""Shelf""},{""Clearout Deal"":""No""},{""Lifestyle\/Dietary Need"":""No egg,No fish,No milk,No mustard,No sesame,No shellfish,No soy,No sulfite,No wheat,No lactose,No artificials,Kosher,No added sugars,Paleo-friendly,Vegan-friendly,Vegetarian-friendly,Whole30-friendly""}]",https://i5.walmartimages.ca/images/Enlarge/095/574/6000201095574.jpg | https://i5.walmartimages.ca/images/Enlarge/095/577/6000201095577.jpg | https://i5.walmartimages.ca/images/Enlarge/095/579/6000201095579.jpg,3,Sold by Walmart,Arabica coffee.,"No egg,No fish,No milk,No mustard,No sesame,No shellfish,No soy,No sulfite,No wheat,No lactose,No artificials,Kosher,No added sugars,Paleo-friendly,Vegan-friendly,Vegetarian-friendly,Whole30-friendly",Add to Cart; Find in Store,4.5,269,,
Walmart Canada,Frozen,Meatless Alternatives,walmart.ca,https://www.walmart.ca/en/ip/catch-of-the-day-sole/6000198997521,,,"Walmart.ca > Grocery > Frozen Food > Frozen Meat, Seafood & Alternatives > Frozen Fish & Seafood",Catch Of The Day,Catch of the Day Sole,SKU:6000198997522,UPC:6176309103,ID:6000198997521,Walmart Item #:30256403,$11.97,,,,$1.5/100GR,"Catch of the Day, Fish, Unprepared, Frozen, Sole Fillets, Fish, Unprepared, INDIVIDUALLY QUICK FROZEN FILLETS, BONED",,"[{""Cut"":""Fillets""},{""Product Type"":""Seafood""},{""Storage Type"":""Frozen""},{""Clearout Deal"":""No""},{""Lifestyle\/Dietary Need"":""No egg,No milk,No mustard,No sesame,No shellfish,No soy,No sulfite,No wheat,No lactose,No artificials,No added sugars,Paleo-friendly,Whole30-friendly""}]",https://i5.walmartimages.ca/images/Enlarge/575/801/6000199575801.jpg,1,Sold by Walmart,"Ingredients: Sole fillets, Water, Sodium phosphate (to retain moisture). Contains: Sole (fish).","No egg,No milk,No mustard,No sesame,No shellfish,No soy,No sulfite,No wheat,No lactose,No artificials,No added sugars,Paleo-friendly,Whole30-friendly",Add to Cart; Find in Store,0,,,
Walmart Canada,Frozen,Meatless Alternatives,walmart.ca,https://www.walmart.ca/en/ip/deli-express-salt-pepper-chicken-wings/6000202764032,,505 g,"Walmart.ca > Grocery > Frozen Food > Frozen Meat, Seafood & Alternatives > Frozen Chicken & Turkey",Deli Express,Deli Express Salt & Pepper Chicken Wings,SKU:6000202764033,UPC:6310028666,ID:6000202764032,Walmart Item #:31181674,$7.97,,,,$1.58/100GR,"Bring the classic flavour of salt and pepper chicken to your kitchen with Deli Express® Salt & Pepper Chicken Wings. These uncooked frozen chicken wings are generously seasoned with salt and pepper and glazed for delicious flavour. Great as a convenient frozen snack to keep on hand at home, these chicken wings come with a creamy ranch dipping sauce the whole family will enjoy. Deli Express® is part of the Maple Leaf Foods family of brands.","FAMILY FAVOURITE: Salt and pepper chicken wings are a delicious meal or snack to savour with family and friends
QUALITY CUTS: Only our quality cuts of chicken are used to create these frozen wings
DIPPING SAUCE INCLUDED: Tasty ranch dipping sauce complements the salt and pepper wings
GOOD SOURCE OF PROTEIN: Contains 19g of protein per serving
PROUDLY CANADIAN BRAND: Deli Express® is part of the Maple Leaf Foods family of brands","[{""Product Type"":""Wings""},{""Storage Type"":""Frozen""},{""Clearout Deal"":""No""},{""Lifestyle\/Dietary Need"":""""}]",https://i5.walmartimages.ca/images/Enlarge/160/278/6000203160278.jpg | https://i5.walmartimages.ca/images/Enlarge/160/628/6000203160628.jpg,2,Sold by Walmart,Chicken (drumettes and winglets); Water; Rice starch; Soy protein product; Spice; Salt; Sodium phosphate; Sugars (corn maltodextrin); Potassium chloride; Onion powder; Garlic powder; Spice extract. Sauce: Water; Buttermilk (partly skimmed milk; salt; sodium citrate; bacterial culture); Canola oil; Sugars (sugar/glucose-fructose); Vinegar; Modified corn starch; Salt; Dehydrated onion; Buttermilk powder; Skim milk powder; Lactic acid; Dehydrated garlic; Xanthan gum; Propylene glycol alginate; Spices; Herbs; Potassium sorbate; Sodium benzoate; Citric acid; Autolyzed yeast extract (salt); Natural flavour; Calcium disodium EDTA.Contains: Soy; Milk.,,Add to Cart; Find in Store,0,,,
Walmart Canada,Frozen,Meatless Alternatives,walmart.ca,https://www.walmart.ca/en/ip/mina-halal-chicken-wings-sweet-bbq/6000197428995,,650 g,Walmart.ca > Grocery > Seasonal Holidays > Diwali Celebration > Diwali Meals,Mina,Mina Halal Chicken Wings Sweet BBQ,SKU:6000197428996,UPC:6310029768,ID:6000197428995,Walmart Item #:31424711,$9.97,,,,$1.53/100GR,"Enjoy the sweet and tangy flavours of barbecue with Mina® Halal Sweet BBQ Chicken Wings. Our chickens are individually blessed and strictly Zabeeha by hand. Perfect as a quick meal addition or snack to keep on hand, these fully cooked and seasoned cut-up barbecue chicken wings are easy to heat and serve. The frozen chicken wings come with a mild BBQ dipping sauce that the whole family will love. A proudly Canadian brand, Mina® strictly adheres to the most stringent halal process and is verified by the Halal Monitoring Authority (HMA).","FAMILY FAVOURITE: Fully cooked BBQ chicken wings are a delicious meal addition or snack to savour with family and friends
ZABEEHA BY HAND: Chickens are Zabeeha by hand to ensure humane treatment
INCLUDES BBQ SAUCE: Chicken wings come with mild BBQ sauce packets for serving
NO ARTIFICIAL FLAVOURS OR COLOURS: Mina® brand products contain no artificial flavours or colours
COOK WITH CONFIDENCE: Certified by the Halal Monitoring Authority, Mina® brand strictly adheres to the most stringent halal process so our customers can cook with confidence","[{""Product Type"":""Wings""},{""Cut"":""Wings""},{""Storage Type"":""Frozen""},{""International Foods"":""Indian & South Asian""},{""International Foods"":""Middle Eastern""},{""Clearout Deal"":""No""},{""Lifestyle\/Dietary Need"":""Halal""}]",https://i5.walmartimages.ca/images/Enlarge/749/005/6000199749005.jpg | https://i5.walmartimages.ca/images/Enlarge/235/092/6000204235092.jpg | https://i5.walmartimages.ca/images/Enlarge/235/095/6000204235095.jpg | https://i5.walmartimages.ca/images/Enlarge/474/167/6000203474167.jpg,4,Sold by Walmart,"Chicken, Water, Sugar, Modified Corn Starch, Tomato Powder, Salt, Potassium Pyrophosphate, Maltodextrin, Brown Sugar, Vinegar, Onion Powder, Spice, Spice Extract, Garlic Powder. SAUCE: Sugar, Water, Tomato Paste, Vinegar, Salt, Molasses Blackstrap, Onion Powder, Spice, Xanthan Gum, Garlic Powder, Spice Extract.",Halal,Add to Cart; Find in Store,1,1,,
Walmart Canada,Frozen,Meatless Alternatives,walmart.ca,https://www.walmart.ca/en/ip/gardein-veggie-burger-meat-free/6000198335170,,255g,"Walmart.ca > Grocery > Frozen Food > Frozen Meat, Seafood & Alternatives > Frozen Plant-based Proteins",Gardein,Gardein Veggie Burger Meat Free,SKU:6000198335171,UPC:84223400324,ID:6000198335170,Walmart Item #:30442697,$5.27,,,,,Gardein meat free veggie Burger.  Ready in 3 minutes!  Made with plant protein.  Source of Fibre.  Non GMO product.,,"[{""Storage Type"":""Frozen""},{""Product Type"":""Other""},{""Lifestyle and Dietary Claims"":""11""},{""Batteries Included"":""N""},{""Clearout Deal"":""No""},{""Lifestyle\/Dietary Need"":""Gluten-free,No egg,No fish,No milk,No sesame,No shellfish,No sulfite,No wheat,No lactose,No artificials,Kosher,Vegan-friendly,Vegetarian-friendly""}]",https://i5.walmartimages.com/asr/fe18cd2e-f306-4ce9-b825-77644099b176.42d9add6179c8fbe0d9e7f76f8c17f1c.jpeg?odnHeight=2000&odnWidth=2000&odnBg=ffffff | https://i5.walmartimages.com/asr/dfefcc0d-7052-45c9-aa74-34950dfee15f.199daa9b57163f857c50be54af236aaf.jpeg?odnHeight=2000&odnWidth=2000&odnBg=ffffff,2,Sold by Walmart,"cooked brown rice (water, brown rice), water, carrot, onions, bell peppers, certified gluten free oats, green peas, salt, canola oil, corn, soy protein concentrate, methylcellulose, yeast extract, cane sugar, dehydrated garlic, garlic powder, onion powder, spices, natural flavours, sea salt, herbs, citric acid, maltodextrin. Contains: soy.","Gluten-free,No egg,No fish,No milk,No sesame,No shellfish,No sulfite,No wheat,No lactose,No artificials,Kosher,Vegan-friendly,Vegetarian-friendly",Add to Cart; Find in Store,3.4,5,,
Walmart Canada,Frozen,Meatless Alternatives,walmart.ca,https://www.walmart.ca/en/ip/gardein-fish-free-golden-filet/6000195509310,,288 g,"Walmart.ca > Grocery > Frozen Food > Frozen Meat, Seafood & Alternatives > Frozen Plant-based Proteins",Gardein,Gardein Fish-Free Golden Filet,SKU:6000195509311,UPC:84223400170,ID:6000195509310,Walmart Item #:30442412,$5.27,,,,,"Bring home the taste of the ocean with our fishless filets! Dive into a delicious sandwich, taco or throw in a side of chips and a splash of vinegar for classic taste. The best catch ever!",,"[{""Storage Type"":""Frozen""},{""Product Type"":""Other""},{""Lifestyle and Dietary Claims"":""11""},{""Batteries Included"":""N""},{""Clearout Deal"":""No""},{""Lifestyle\/Dietary Need"":""No egg,No fish,No milk,No sesame,No shellfish,No sulfite,No lactose,Kosher,Vegan-friendly,Vegetarian-friendly""}]",https://i5.walmartimages.com/asr/96cbaeae-9c08-4476-868d-d4ccade19dd1.c0d71047eedd33243d0cb23c9b1643d8.jpeg?odnHeight=2000&odnWidth=2000&odnBg=ffffff | https://i5.walmartimages.com/asr/ba5d8be1-e56a-431d-b0c2-d2885952ae90.3231b0c0e90b086f6240e149f25aaecb.jpeg?odnHeight=2000&odnWidth=2000&odnBg=ffffff,2,Sold by Walmart,"water, soy protein concentrate, canola oil, wheat flour, modified cornstarch, tapioca starch, potato starch, wheat gluten, methylcellulose, isolated soy protein, maltodextrin, natural flavours, corn flour, sea salt, salt, spices, onion powder, yeast extract, yeast, garlic powder, soy flour, algal oil, baking powder, xanthan gum, sugar, seasoning, soybean oil, cane sugar, citric acid, colour, pea protein, carrot powder, sugar beet fibre. Contains wheat, soy, barley.","No egg,No fish,No milk,No sesame,No shellfish,No sulfite,No lactose,Kosher,Vegan-friendly,Vegetarian-friendly",Add to Cart; Find in Store,5,6,,1
Walmart Canada,Frozen,Meatless Alternatives,walmart.ca,https://www.walmart.ca/en/ip/gardein-teriyaki-bowl/6000200000021,,241 g,"Walmart.ca > Grocery > Frozen Food > Frozen Meat, Seafood & Alternatives > Frozen Plant-based Proteins",Gardein,Gardein Teriyaki Bowl,SKU:6000200000022,UPC:84223440197,ID:6000200000021,Walmart Item #:30442831,$5.97,,,,$2.48/100GR,"Your favourite foods made Meatless. We're insanely passionate about helping the world eat less meat. That's why we make delicious meatless chick'n tenders, meatless meatballs, and more. Now you can skip meat for a meal, or a month, without skipping your favorite foods.","•Always Vegan
•13 g of Protein
•Ready in Only 5 minutes
•Non - Gmo- Verified
•Good source of iron
•Excellent source of vitamin B12
•Made with plant protein
•Meat-free","[{""Storage Type"":""Frozen""},{""Product Type"":""Other""},{""Lifestyle and Dietary Claims"":""11""},{""Features"":""\u2022Always Vegan<br>\u202213 g of Protein<br>\u2022Ready in Only 5 minutes<br>\u2022Non - Gmo- Verified<br>\u2022Good source of iron<br>\u2022Excellent source of vitamin B12<br>\u2022Made with plant protein<br>\u2022Meat-free""},{""Batteries Included"":""N""},{""Clearout Deal"":""No""},{""Lifestyle\/Dietary Need"":""No egg,No fish,No milk,No sesame,No shellfish,No lactose,Vegan-friendly,Vegetarian-friendly""}]",https://i5.walmartimages.com/asr/9248bffa-e276-4356-8cb8-131ed0b5f8e2.766d45c04045bc322c44a2121f2a9ca4.jpeg?odnHeight=2000&odnWidth=2000&odnBg=ffffff | https://i5.walmartimages.com/asr/392fb722-e8bf-4e10-8cc6-fe103c387016.fe851542d8ff15020677ecf9dacd138f.jpeg?odnHeight=2000&odnWidth=2000&odnBg=ffffff | https://i5.walmartimages.com/asr/a4487099-c247-409b-9848-ff8d7c5cae5e.e69f0e22bc861c83a426c7da6c3f54cc.jpeg?odnHeight=2000&odnWidth=2000&odnBg=ffffff | https://i5.walmartimages.com/asr/7843c365-a61d-4b90-9dd4-58d5cdecb637.540724b75fe0525465291a38baf1b144.jpeg?odnHeight=2000&odnWidth=2000&odnBg=ffffff | https://i5.walmartimages.com/asr/060e8985-1cf7-49e2-9793-81975d11cd4d.6608c81559fccee90eb044494ec188bb.jpeg?odnHeight=2000&odnWidth=2000&odnBg=ffffff,5,Sold by Walmart,"Cooked rice (water, rice), Water, Broccoli, Red bell peppers, Tamari sauce (water, soybeans, salt, vinegar), Sugars (cane sugar, light brown sugar), Carrots, Soy protein isolate, Wheat gluten, Corn starch, Ginger puree, Canola oil, Rice vinegar, Seasoning, Sea salt, Roasted garlic puree, Methylcellulose, Ancient grain flour (khorasan wheat, amaranth, millet, quinoa), Garlic, Dipotassium phosphate, Yeast extract, Potato starch, Distilled vinegar, Pea protein, Spices, Natural flavours, Titanium dioxide, Vitamins and minerals (tapioca maltodextrin, magnesium oxide, ferric orthophosphate, niacinamide, zinc oxide, vitamin B12, calcium pantothenate, pyridoxine hydrochloride, thiamine hydrochloride, riboflavin, copper gluconate). Contains: Soy, Wheat.","No egg,No fish,No milk,No sesame,No shellfish,No lactose,Vegan-friendly,Vegetarian-friendly",Add to Cart; Find in Store,4,1,,
Walmart Canada,Frozen,Meatless Alternatives,walmart.ca,https://www.walmart.ca/en/ip/high-liner-signature-cod-crispy-breaded-fillets/6000199850901,,"8 Fillets, 680 g","Walmart.ca > Grocery > Frozen Food > Frozen Meat, Seafood & Alternatives > Frozen Fish & Seafood",High Liner,High Liner Signature Cod Crispy Breaded Fillets,SKU:6000199850902,UPC:6176304225,ID:6000199850901,Walmart Item #:30396051,$12.97,,,,$2.52/100GR,"High Liner® premium cod fillets are wrapped in a crunchy golden breadcrumb. It's crispy on the outside, with moist flaky fish on the inside. Caught wild in the North Pacific Ocean.",,"[{""Cut"":""Fillets""},{""Product Type"":""Seafood""},{""Storage Type"":""Frozen""},{""Clearout Deal"":""No""},{""Lifestyle\/Dietary Need"":""No egg,No sesame,No shellfish,No sulfite,No artificials""}]",https://i5.walmartimages.ca/images/Enlarge/259/230/6000203259230.jpg | https://i5.walmartimages.ca/images/Enlarge/259/227/6000203259227.jpg | https://i5.walmartimages.ca/images/Enlarge/259/227/6000203259227.jpg | https://i5.walmartimages.ca/images/Enlarge/788/4_2/999999-61763067884_2.jpg | https://i5.walmartimages.ca/images/Enlarge/788/4_3/999999-061763067884_3.jpg,5,Sold by Walmart,"Ingredients: Cod filets, Toasted wheat crumbs, Water, Vegetable oil (canola/sunflower), Modified corn starch, Flour (wheat, corn, soy), Seasonings (onion, yeast extract, spices, garlic, citric acid), Salt, Baking powder, Natural butter flavour, Sodium phosphate (to retain moisture), Sugar. Contains: Cod (fish), Wheat, Soy, Milk.","No egg,No sesame,No shellfish,No sulfite,No artificials",Add to Cart; Find in Store,0,,,1
Walmart Canada,Frozen,Meatless Alternatives,walmart.ca,https://www.walmart.ca/en/ip/janes-ultimates-buffalo-boneless-bites/6000201934263,,800 g,"Walmart.ca > Grocery > Frozen Food > Frozen Meat, Seafood & Alternatives > Frozen Chicken & Turkey",Janes,Janes Ultimates Buffalo Boneless Bites,SKU:6000201934264,UPC:6929911805,ID:6000201934263,Walmart Item #:30937347,$14.97,,,,,"Spice up your at home wing experience with Jane's ultimates Buffalo Boneless Bites. Lightly breaded and made with white chicken breast, these Buffalo Bites come with a spicy buffalo sauce. Add as little or as much as your taste buds can handle!","No preservatives
Made with white meat
18% meat protein
0 trans fats
Low in saturated fat
No artificial flavours or colours","[{""Product Type"":""Other""},{""Storage Type"":""Frozen""},{""Clearout Deal"":""No""},{""Lifestyle\/Dietary Need"":""""}]",https://i5.walmartimages.ca/images/Enlarge/479/130/6000202479130.jpg | https://i5.walmartimages.ca/images/Enlarge/430/460/6000202430460.jpg | https://i5.walmartimages.ca/images/Enlarge/430/464/6000202430464.jpg | https://i5.walmartimages.ca/images/Enlarge/430/467/6000202430467.jpg | https://i5.walmartimages.ca/images/Enlarge/479/129/6000202479129.jpg | https://i5.walmartimages.ca/images/Enlarge/479/126/6000202479126.jpg | https://i5.walmartimages.ca/images/Enlarge/479/126/6000202479126.jpg,7,Sold by Walmart,"Chicken breast, Water, Toasted wheat crumbs, Wheat flour, Whole grain wheat flour, Modified corn starch, Canola oil, Sugars (sugar, dextrose), Salt, Baking powder, Spices, Spice extracts, Natural flavour. May contain Egg, Soy.Buffalo Sauce:Water, Cayenne peppers, Vinegar, Salt, Garlic powder, Sugar, Spices, Natural flavour, Yeast extract, Xanthan gum.",,Add to Cart; Find in Store,3,2,,
Walmart Canada,Drinks,Soft Drinks/Sodas,walmart.ca,https://www.walmart.ca/en/ip/great-value-cream-soda/6000162308509,,2L,Walmart.ca > Grocery > Drinks > Soft Drinks > Other Soft Drinks,Great Value,Great Value Cream Soda,SKU:10317941,UPC:60538887256,ID:6000162308509,Walmart Item #:9217417,$0.97,,,,$0.05/100ML,Great Value Cream Soda is fantastically fizzy and full of classic soda shop flavour. Simply crack open a bottle and pour over ice for a refreshing drink that’s soda-licious.,,"[{""Flavour"":""Cream Soda""},{""Singleserve"":""No""},{""Storage Type"":""Shelf""},{""Walmart Exclusive"":""Yes""},{""Clearout Deal"":""No""},{""Lifestyle\/Dietary Need"":""Kosher,Vegan-friendly,Vegetarian-friendly""}]",https://i5.walmartimages.ca/images/Enlarge/872/562/605388872562.jpg | https://i5.walmartimages.ca/images/Enlarge/62_/nft/605388872562_NFT.jpg | https://i5.walmartimages.ca/images/Enlarge/62_/nft/605388872562_NFT.jpg,3,Sold by Walmart,"Carbonated water, sugar/glucose-fructose, natural and artificial flavour, citric acid, potassium benzoate, colour, quillaia extract, phosphoric acid.","Kosher,Vegan-friendly,Vegetarian-friendly",Add to Cart; Find in Store,5,2,,
Walmart Canada,Frozen,Meatless Alternatives,walmart.ca,https://www.walmart.ca/en/ip/gardein-meat-free-chickn-patties/6000198331528,,350g,"Walmart.ca > Grocery > Frozen Food > Frozen Meat, Seafood & Alternatives > Frozen Plant-based Proteins",Gardein,Gardein Meat Free Chick'n Patties,SKU:6000198331529,UPC:84223400323,ID:6000198331528,Walmart Item #:30442676,$5.27,,,,,Gardein meat free chick'n patties.  Ready in 12 minutes!  Made with plant protein.  Good Source of Protein. Non GMO product.,,"[{""Storage Type"":""Frozen""},{""Product Type"":""Other""},{""Lifestyle and Dietary Claims"":""11""},{""Batteries Included"":""N""},{""Clearout Deal"":""No""},{""Lifestyle\/Dietary Need"":""No egg,No fish,No milk,No sesame,No shellfish,No lactose,Kosher,Vegan-friendly,Vegetarian-friendly""}]",https://i5.walmartimages.com/asr/2e11dd1b-8382-4a1b-889f-927ce85f610e.d743e0bdad007de5009788025d5d6da0.jpeg?odnHeight=2000&odnWidth=2000&odnBg=ffffff | https://i5.walmartimages.com/asr/536a2365-f042-46cd-b7d3-0c3c4ed82260.7cf90f9e3ff752c47a9683f3d16655ae.jpeg?odnHeight=2000&odnWidth=2000&odnBg=ffffff,2,Sold by Walmart,"water, wheat flour, soy protein isolate, wheat gluten, canola oil, methylcellulose, seasoning, sea salt, ancient grain flour (khorasan wheat, amaranth, millet, quinoa), dipotassium phosphate, yeast extract, potato starch, distilled vinegar, cane sugar, sugar, salt, colour, baking powder, yeast, natural flavours, spices, onion powder, soybean oil, pea protein, vitamins and minerals (tapioca maltodextrin, magnesium oxide, ferric orthophosphate, niacinamide, zinc oxide, vitamin b12, calcium pantothenate, pyridoxine hydrochloride, thiamine hydrochloride, riboflavin, copper gluconate). Contains: soy and wheat.","No egg,No fish,No milk,No sesame,No shellfish,No lactose,Kosher,Vegan-friendly,Vegetarian-friendly",Add to Cart; Find in Store,5,2,,
Walmart Canada,Drinks,Soft Drinks/Sodas,walmart.ca,https://www.walmart.ca/en/ip/7up-soft-drink-2-l-bottle/6000188741889,,2L,Walmart.ca > Grocery > Drinks > Soft Drinks > Diet Soft Drinks,7UP,"7UP Soft Drink, 2 L bottle",SKU:6000188741890,UPC:6540000073,ID:6000188741889,Walmart Item #:9239170,$1.97,,,,$0.1/100ML,"7UP® is a refreshing lemon lime carbonated soft drink. It is a clear, caffeine free beverage made with real lemon and lime flavour. This 2 L bottle is perfect for sharing with friends and family.","• 100% Natural Flavours
• Refreshing lemon and lime flavours
• Caffeine Free","[{""Flavour"":""Citrus""},{""Singleserve"":""No""},{""Storage Type"":""Shelf""},{""Clearout Deal"":""No""},{""Lifestyle\/Dietary Need"":""No egg,No fish,No milk,No mustard,No sesame,No shellfish,No soy,No sulfite,No wheat,No lactose,No artificials,Kosher,Vegan-friendly,Vegetarian-friendly""}]",https://i5.walmartimages.ca/images/Enlarge/000/739/999999-65400000739.jpg | https://i5.walmartimages.ca/images/Enlarge/073/9_1/999999-65400000739_1.jpg | https://i5.walmartimages.ca/images/Enlarge/844/460/6000201844460.jpg | https://i5.walmartimages.ca/images/Enlarge/394/360/6000202394360.jpg | https://i5.walmartimages.ca/images/Enlarge/394/362/6000202394362.jpg | https://i5.walmartimages.ca/images/Enlarge/394/363/6000202394363.jpg | https://i5.walmartimages.ca/images/Enlarge/39_/nft/65400000739_NFT.jpg | https://i5.walmartimages.ca/images/Enlarge/39_/nft/65400000739_NFT.jpg,8,Sold by Walmart,"CARBONATED WATER, GLUCOSE-FRUCTOSE AND/OR SUGAR, CITRIC ACID, NATURAL FLAVOURS, MALIC ACID, SODIUM CITRATE, SODIUM BENZOATE.","No egg,No fish,No milk,No mustard,No sesame,No shellfish,No soy,No sulfite,No wheat,No lactose,No artificials,Kosher,Vegan-friendly,Vegetarian-friendly",Add to Cart; Find in Store,4.6,21,,
Walmart Canada,Frozen,Meatless Alternatives,walmart.ca,https://www.walmart.ca/en/ip/aqua-star-oven-ready-salt-pepper-calamari/6000196728915,,"Crispy Hand Cut Strips, 500 g","Walmart.ca > Grocery > Frozen Food > Frozen Meat, Seafood & Alternatives > Frozen Fish & Seafood",Aquastar,Aqua Star Oven Ready Salt & Pepper Calamari,SKU:6000196728916,UPC:73114991149,ID:6000196728915,Walmart Item #:31326794,$7.97,,,,$1.59/100GR,Aqua Star brand calamari lightly seasoned and breaded with salt and pepper bread crumbs.  Cut into crispy hand cut strips perfect for sharing with friends.,"- Oven Ready 
- Crispy Hand Cut Strips
- 500g","[{""Cut"":""Seafood""},{""Singleserve"":""No""},{""Storage Type"":""Frozen""},{""Clearout Deal"":""No""},{""Lifestyle\/Dietary Need"":""""}]",https://i5.walmartimages.ca/images/Enlarge/443/944/6000201443944.jpg | https://i5.walmartimages.ca/images/Enlarge/443/947/6000201443947.jpg | https://i5.walmartimages.ca/images/Enlarge/549/884/6000201549884.jpg | https://i5.walmartimages.ca/images/Enlarge/549/890/6000201549890.jpg,4,Sold by Walmart,"Calamari, Wheat Flour, Water, Soybean Oil, Modified Tapioca Starch, Salt, Sugar, Garlic Powder, Onion Powder, Black Pepper, Wheat Gluten, Baking Powder, Sunflowerseed Oil, Yeast, Corn Starch, Guar Gum, Xanthan gum, Spices, Sodium Diphosphate, Sodium Tripolyphosphate.  Allergen Warning: Contains shellfish (Calamari), wheat and soy ingredients.",,Add to Cart; Find in Store,3.3,3,,1
Walmart Canada,Frozen,Meatless Alternatives,walmart.ca,https://www.walmart.ca/en/ip/mina-supreme-crunch-halal-spicy-chicken-drumsticks/6000202418333,,720 g,Walmart.ca > Grocery > Seasonal Holidays > Diwali Celebration > Diwali Meals,Mina,Mina Supreme Crunch Halal Spicy Chicken Drumsticks,SKU:6000202418334,UPC:6310029726,ID:6000202418333,Walmart Item #:31073761,$8.97,,,,$1.25/100GR,"Serve your family wholesome, delicious halal chicken with Mina Supreme Crunch™  Halal Spicy Chicken Drumsticks. Raised on Canadian farms, our chickens are individually blessed and strictly Zabeeha by hand. These frozen breaded chicken drumsticks offer bold spicy flavour and an irresistible crunch, making them an ideal choice for a delicious shared snack or meal. A proudly Canadian brand, Mina® strictly adheres to the most stringent halal process and is verified by the Halal Monitoring Authority (HMA).","FAMILY FAVOURITE: These fully cooked chicken drumsticks are a delicious meal addition or snack to savour with family and friends
HALAL CHICKEN: Mina® brand uses only fresh, wholesome halal chicken to create these crispy breaded chicken drumsticks
ZABEEHA BY HAND: Chickens are Canadian farm raised and Zabeeha by hand to ensure humane treatment
NO ARTIFICIAL COLOURS OR FLAVOURS: Mina® brand products contain no artificial colours or flavours
COOK WITH CONFIDENCE: Certified by the Halal Monitoring Authority, Mina® brand strictly adheres to the most stringent halal process so our customers can cook with confidence","[{""Product Type"":""Chicken""},{""Storage Type"":""Frozen""},{""Clearout Deal"":""No""},{""Lifestyle\/Dietary Need"":""""}]",https://i5.walmartimages.ca/images/Enlarge/515/523/6000202515523.jpg | https://i5.walmartimages.ca/images/Enlarge/235/462/6000204235462.jpg | https://i5.walmartimages.ca/images/Enlarge/235/476/6000204235476.jpg | https://i5.walmartimages.ca/images/Enlarge/235/488/6000204235488.jpg | https://i5.walmartimages.ca/images/Enlarge/235/509/6000204235509.jpg,5,Sold by Walmart,Chicken; Water; Wheat Flour; Toasted Wheat Crumbs; Wheat Gluten; Salt; Modified Corn Starch; Soy Flour; Sugar; Spice; Corn Flour; Ga Rlic Powder; Onion Powder; Baking Powder; Spice Extract; Modified Palm Oil; Defatted Soy Flour; Yeast Extract; Guar Gum; Flavour. Br Owned In Vegetable Oil. Contains: Wheat; Soy.,,Add to Cart; Find in Store,0,,,
Walmart Canada,Frozen,Meatless Alternatives,walmart.ca,https://www.walmart.ca/en/ip/zabiha-halal-buffalo-popcorn-chicken/6000200074065,,800g,"Walmart.ca > Grocery > Frozen Food > Frozen Meat, Seafood & Alternatives > Frozen Chicken & Turkey",Zabiha Halal,Zabiha Halal Buffalo Popcorn Chicken,SKU:6000200074066,UPC:6771400794,ID:6000200074065,Walmart Item #:30930989,$9.97,,,,,"Popcorn and movies are great. But popcorn CHICKEN and movies? Even greater. Perfect for adults and kids alike, grab our Halal Popcorn Chicken and change movie night forever!",,"[{""Cut"":""Nuggets & Bites""},{""Product Type"":""Chicken""},{""Storage Type"":""Frozen""},{""Clearout Deal"":""No""},{""Lifestyle\/Dietary Need"":""No fish,No mustard,No sesame,No shellfish,No lactose,Halal""}]",https://i5.walmartimages.ca/images/Enlarge/322/230/6000200322230.jpg,1,Sold by Walmart,"Cutlette: Chicken • Water • Toasted wheat crumbs • Soy protein isolate • Salt • Sugars (dextrose) • Garlic powder • Onion powder • Spices. Breading: Toasted wheat crumbs • Wheat flour • Water • Soybean oil • Wheat gluten • Cayenne pepper sauce powder [(aged cayenne pepper, vinegar, salt, garlic powder), corn maltodextrin, flavour] • Modified corn starch • Yellow corn flour • Spices • Vinegar powder (corn maltodextrin, modifed corn starch, vinegar solids) • Modified palm oil • Sodium diacetate • Garlic powder • Guar gum. Contains: Soy • Wheat May contain: Egg • Milk","No fish,No mustard,No sesame,No shellfish,No lactose,Halal",Add to Cart; Find in Store,3.8,8,,
Walmart Canada,Frozen,Pizzas,walmart.ca,https://www.walmart.ca/en/ip/delissio-garlic-bread-pizza-pepperoni-513-g/6000202673742,,513 GR,Walmart.ca > Grocery > Frozen Food > Frozen Appetizers & Snacks,Delissio,DELISSIO Garlic Bread Pizza Pepperoni 513 g,SKU:6000202673743,UPC:5500018453,ID:6000202673742,Walmart Item #:31158903,$5.44,,,,$544/100GR,"Get ready to fall in love! New DELISSIO Garlic Bread Pizza, Pepperoni (513 g) is layered with delicious garlic-infused sauce, topped with garlic and parsley seasoning, and then topped with pepperoni slices. Perfect for sharing with the family as a meal or cut into strips as a tasty appetizer. Proudly prepared in Canada, it's not delivery — it's DELISSIO!","• Proudly prepared in Canada
• New! Garlic Bread Pizza is layered with garlic-infused sauce, topped with garlic and parsley seasoning, and topped with delicious pepperoni slices
• DELISSIO Garlic Bread Pizza, Pepperoni (513 g) is perfect for sharing by cutting into strips as a tasty appetizer
• Great for dinner and can be paired with grilled vegetables or a fresh salad
• Easy to make in your oven - just follow the instructions on the packaging","[{""Singleserve"":""No""},{""Storage Type"":""Frozen""},{""Features"":""\u2022 Proudly prepared in Canada<br>\u2022 New! Garlic Bread Pizza is layered with garlic-infused sauce""},{""Features"":"" topped with garlic and parsley seasoning""},{""Features"":"" and topped with delicious pepperoni slices<br>\u2022 DELISSIO Garlic Bread Pizza""},{""Product Type"":""Pepperoni""},{""Batteries Included"":""N""},{""Clearout Deal"":""No""},{""Lifestyle\/Dietary Need"":""""}]",https://i5.walmartimages.com/asr/5f928bbc-f3a3-43ee-b458-eab1fa77f978.55385ee5ed207c65f6537d8856932e68.jpeg?odnHeight=2000&odnWidth=2000&odnBg=ffffff | https://i5.walmartimages.com/asr/7f0f30b7-44c6-42ee-9e0d-6ca276ca0de2.1a2132ee0544dd5755bb78aae387ddcc.jpeg?odnHeight=2000&odnWidth=2000&odnBg=ffffff | https://i5.walmartimages.com/asr/d701acd0-2f1e-4f95-982d-ce711a397af4.15a3a2c03c0d3da6d227c6de1c0fe6db.jpeg?odnHeight=2000&odnWidth=2000&odnBg=ffffff | https://i5.walmartimages.com/asr/8062bfdd-89af-48fc-bd9d-5dfee738eceb.d1336cda66f12a16093a7fbea21bf6a3.jpeg?odnHeight=2000&odnWidth=2000&odnBg=ffffff | https://i5.walmartimages.com/asr/cd1a0f8d-1af1-445d-9933-5008293f39c1.3e8d24936c42c3f0b04a1bfb9b3480e0.jpeg?odnHeight=2000&odnWidth=2000&odnBg=ffffff | https://i5.walmartimages.com/asr/a8017019-c943-4498-9115-7a3e554b0d86.1adb6d172f85ee3c50af929d2c476471.jpeg?odnHeight=2000&odnWidth=2000&odnBg=ffffff | https://i5.walmartimages.com/asr/72b1b32b-38fe-4a37-85b8-506afa9f69f0.5bf8da546b94517114afcc25aabba94a.jpeg?odnHeight=2000&odnWidth=2000&odnBg=ffffff,7,Sold by Walmart,Crust (Wheat Flour,,Add to Cart; Find in Store,4.1,129,,
Walmart Canada,Frozen,Meatless Alternatives,walmart.ca,https://www.walmart.ca/en/ip/watson-fish-tofu/6000198610689,,Net 227g/pack 8oz,"Walmart.ca > Grocery > Frozen Food > Frozen Meat, Seafood & Alternatives > Frozen Fish & Seafood",Watson,Watson Fish Tofu,SKU:6000198610690,UPC:80079430029,ID:6000198610689,Walmart Item #:31590876,$2.97,,,,$0.01/1EA,"Made from real seafood, Watson Fish Tofu adds a burst of flavour to any dish. Add to your favourite soup or noodle dish to pump up the flavour, or enjoy alone as an appetizer. Especially perfect in hotpot!
To boil/steam: boil in hot soup or steam for 10 minutes. To stir-fry: stir-fry with vegetables, seafood or noodles. To fry: defrost and fry in a shallow pan until golden brown.",,"[{""Product Type"":""Seafood""},{""Storage Type"":""Frozen""},{""Clearout Deal"":""No""},{""Lifestyle\/Dietary Need"":""""}]",https://i5.walmartimages.ca/images/Enlarge/558/871/6000202558871.jpg,1,Sold by Walmart,"Minced fish meat (Golden threadfin bream), Water, Potato starch, Soybean oil, Salt, Sugar, Glucose, Monosodium glutamate, Soybean flour, Egg albumen powder, Xylose, Phosphate.Contains: Fish, Soy, Egg.",,Add to Cart; Find in Store,0,,,
Walmart Canada,Frozen,Meatless Alternatives,walmart.ca,https://www.walmart.ca/en/ip/great-value-wild-caught-sea-scallops/6000199281591,,400 g,"Walmart.ca > Grocery > Frozen Food > Frozen Meat, Seafood & Alternatives > Frozen Fish & Seafood",Great Value,Great Value Wild Caught Sea Scallops,SKU:6000199281592,UPC:62891582536,ID:6000199281591,Walmart Item #:30029995,$19.97,,,,$4.99/100GR,Great Value Wild Caught Sea Scallops are perfect for any meal.   The best way to prepare our Jumbo Sea Scallops is to pan fry until lightly seared in butter  and seasoned.  Sourced from an MSC certified sustainable fishery.,"• Sustainably sourced
• No additives
• Jumbo - 20-30 scallops per lb
• Keep frozen","[{""Cut"":""Seafood""},{""Product Type"":""Seafood""},{""Storage Type"":""Frozen""},{""Walmart Exclusive"":""Yes""},{""Clearout Deal"":""No""},{""Lifestyle\/Dietary Need"":""No artificials,No added sugars,Paleo-friendly,Whole30-friendly""}]",https://i5.walmartimages.ca/images/Enlarge/260/625/6000203260625.jpg | https://i5.walmartimages.ca/images/Enlarge/260/240/6000203260240.jpg | https://i5.walmartimages.ca/images/Enlarge/260/240/6000203260240.jpg,3,Sold by Walmart,Sea scallops.,"No artificials,No added sugars,Paleo-friendly,Whole30-friendly",Add to Cart; Find in Store,3.9,7,,1
Walmart Canada,Drinks,Soft Drinks/Sodas,walmart.ca,https://www.walmart.ca/en/ip/schweppes-ginger-ale-2-l-bottle/6000196027110,,2L,Walmart.ca > Household Supplies & Pantry > Drinks > Soft Drinks > Other Soft Drinks,Schweppes,"Schweppes Ginger Ale, 2 L Bottle",SKU:6000196027111,UPC:1660000029,ID:6000196027110,Walmart Item #:9236678,$1.97,,,,$0.1/100ML,Schweppes* soda gingembre – Bouteille de 2 L,"•2 L bottle
•Versatile mixer
•Bright, refreshing ginger taste
•Perfect for get-togethers","[{""Flavour"":""Ginger Ale""},{""Singleserve"":""No""},{""Storage Type"":""Shelf""},{""Clearout Deal"":""No""},{""Lifestyle\/Dietary Need"":""No egg,No fish,No milk,No mustard,No sesame,No shellfish,No soy,No sulfite,No wheat,No lactose,Vegan-friendly,Vegetarian-friendly""}]",https://i5.walmartimages.ca/images/Enlarge/000/296/999999-16600000296.jpg | https://i5.walmartimages.ca/images/Enlarge/029/6_1/999999-16600000296_1.jpg | https://i5.walmartimages.ca/images/Enlarge/850/639/6000201850639.jpg | https://i5.walmartimages.ca/images/Enlarge/850/641/6000201850641.jpg | https://i5.walmartimages.ca/images/Enlarge/96_/nft/16600000296_NFT.jpg | https://i5.walmartimages.ca/images/Enlarge/96_/nft/16600000296_NFT.jpg,6,Sold by Walmart,"CARBONATED WATER, SUGAR/GLUCOSE-FRUCTOSE, CITRIC ACID, SODIUM BENZOATE, COLOUR, NATURAL FLAVOUR.","No egg,No fish,No milk,No mustard,No sesame,No shellfish,No soy,No sulfite,No wheat,No lactose,Vegan-friendly,Vegetarian-friendly",Add to Cart; Find in Store,4.5,63,,
Walmart Canada,Frozen,Meatless Alternatives,walmart.ca,https://www.walmart.ca/en/ip/morningstar-farms-chipotle-black-bean-crumbles-283g/6000200626394,,,"Walmart.ca > Grocery > Frozen Food > Frozen Meat, Seafood & Alternatives > Frozen Plant-based Proteins",MorningStar Farms,"Morningstar Farms Chipotle Black Bean Crumbles, 283g",SKU:6000200626395,UPC:6410013035,ID:6000200626394,Walmart Item #:30429039,$4.97,,,,$1.76/100GR,"Our Chipotle Black Bean Crumbles are flavored with our blend of bold southwest spices, adding a punch of flavor to chili, tacos or mom's famous sauce.","• Plant-based protein
• Vegan
• Cholesterol Free
• No artificial flavours or colours
• Source of 8 essential nutrients","[{""Cut"":""Ground""},{""Product Type"":""Other""},{""Singleserve"":""No""},{""Storage Type"":""Frozen""},{""Lifestyle\/Dietary Need"":""No egg,No fish,No milk,No mustard,No sesame,No shellfish,No wheat,No lactose,No artificials,Kosher,Vegan-friendly,Vegetarian-friendly""}]",https://i5.walmartimages.ca/images/Enlarge/650/332/6000200650332.jpg | https://i5.walmartimages.ca/images/Enlarge/650/333/6000200650333.jpg | https://i5.walmartimages.ca/images/Enlarge/650/346/6000200650346.jpg | https://i5.walmartimages.ca/images/Enlarge/650/360/6000200650360.jpg | https://i5.walmartimages.ca/images/Enlarge/650/374/6000200650374.jpg | https://i5.walmartimages.ca/images/Enlarge/650/366/6000200650366.jpg | https://i5.walmartimages.ca/images/Enlarge/650/370/6000200650370.jpg,7,Sold by Walmart,"WATER, SOY PROTEIN CONCENTRATE, COOKED BLACK BEANS (BLACK BEANS, WATER), TOMATO PASTE (TOMATOES, SALT, CITRIC ACID), VEGETABLE OIL, CILANTRO, CHIPOTLE PEPPER, MALTODEXTRIN, DEXTROSE, SOY SAUCE (WATER, SOYBEANS, SALT, ALCOHOL), NATURAL FLAVOUR, SALT, LIME JUICE CONCENTRATE, ONION JUICE CONCENTRATE, CARROT JUICE CONCENTRATE, VINEGAR. CONTAINS SOY INGREDIENTS.","No egg,No fish,No milk,No mustard,No sesame,No shellfish,No wheat,No lactose,No artificials,Kosher,Vegan-friendly,Vegetarian-friendly",Add to Cart; Find in Store,0,,,
Walmart Canada,Frozen,Meatless Alternatives,walmart.ca,https://www.walmart.ca/en/ip/zabiha-halal-beef-burgers/6000094220892,,,Walmart.ca > Grocery > Seasonal Holidays > Diwali Celebration > Diwali Meals,Zabiha Halal,Zabiha Halal Beef Burgers,SKU:10211840,UPC:6771400672,ID:6000094220892,Walmart Item #:30060580,$13.97,,,,$1.54/100GR,"The perennial favourite! There aren’t many things as satisfying as biting into a juicy and delicious burger. Whether it’s just the family or a backyard BBQ with friends and neighbours, Zabiha Halal beef burgers are a sure crowd pleaser.",,"[{""Cut"":""Burgers""},{""Product Type"":""Beef""},{""Storage Type"":""Frozen""},{""International Foods"":""Indian & South Asian""},{""International Foods"":""Middle Eastern""},{""Clearout Deal"":""No""},{""Lifestyle\/Dietary Need"":""No egg,No fish,No milk,No mustard,No sesame,No shellfish,No soy,No sulfite,No lactose,No artificials,Halal,No added sugars""}]",https://i5.walmartimages.ca/images/Enlarge/801/334/6000202801334.jpg | https://i5.walmartimages.ca/images/Enlarge/458/221/6000198458221.jpg | https://i5.walmartimages.ca/images/Enlarge/458/222/6000198458222.jpg | https://i5.walmartimages.ca/images/Enlarge/458/223/6000198458223.jpg,4,Sold by Walmart,Beef • Water • Toasted wheat crums • Salt • Onion powder • Garlic powder • Spices Contains: Wheat,"No egg,No fish,No milk,No mustard,No sesame,No shellfish,No soy,No sulfite,No lactose,No artificials,Halal,No added sugars",Add to Cart; Find in Store,3.4,5,,
Walmart Canada,Frozen,Meatless Alternatives,walmart.ca,https://www.walmart.ca/en/ip/philly-steak/6000198520048,,,"Walmart.ca > Grocery > Frozen Food > Frozen Meat, Seafood & Alternatives > Frozen Beef",Black River Angus,Philly Steak,SKU:6000198520049,UPC:62891582617,ID:6000198520048,Walmart Item #:31578598,$17.97,,,,$1797/100GR,"Enjoy our tasty and easy to prepare Philly Steak, made with thinly sliced beef sirloin steak strips.  Create a mouth watering, hearty sandwich in no time.  Add to a long roll with provolone cheese, onions and bell peppers for an authentic Philly Steak sandwich.
…kick it up a notch with a dash of our free steak spice.",,"[{""Cut"":""Other""},{""Product Type"":""Meals""},{""Storage Type"":""Frozen""},{""Clearout Deal"":""No""},{""Lifestyle\/Dietary Need"":""N\/A""}]",https://i5.walmartimages.ca/images/Enlarge/151/877/6000199151877.jpg | https://i5.walmartimages.ca/images/Enlarge/151/881/6000199151881.jpg,2,Sold by Walmart,"Steak (beef) • Steak spice (dehydrated garlic, spices, salt, canola oil, citric acid, dehydrated red bell pepper)",N/A,Add to Cart; Find in Store,3.2,5,,
Walmart Canada,Frozen,Meatless Alternatives,walmart.ca,https://www.walmart.ca/en/ip/baguio-regular-sweet-longanisa/6000196903461,,375 g,"Walmart.ca > Grocery > Frozen Food > Frozen Meat, Seafood & Alternatives > Frozen Pork",Baguio,Baguio Regular Sweet Longanisa,SKU:6000196903462,UPC:77431069230,ID:6000196903461,Walmart Item #:31354806,$3.38,,,,$0.9/100GR,Cured Sausage Regular,,"[{""Cut"":""Other""},{""Storage Type"":""Frozen""},{""International Foods"":""Filipino""},{""Clearout Deal"":""No""},{""Lifestyle\/Dietary Need"":""N\/A""}]",https://i5.walmartimages.ca/images/Enlarge/692/308/999999-774310692308.jpg,1,Sold by Walmart,"Pork, sugar, water, spices, monosodium glutamate, seasoning, sodium nitrite, sodium erythorbate, yeast extract, allora red, sunset yellow.",N/A,Add to Cart; Find in Store,5,1,,
Walmart Canada,Frozen,Meatless Alternatives,walmart.ca,https://www.walmart.ca/en/ip/pintys-pub-grill-pub-grill-jumbo-plum-tenders/6000162308060,,,"Walmart.ca > Grocery > Frozen Food > Frozen Meat, Seafood & Alternatives > Frozen Chicken & Turkey",Pinty's Pub & Grill,Pinty's Pub & Grill Pub & Grill Jumbo Plum Tenders,SKU:10316269,UPC:6909462454,ID:6000162308060,Walmart Item #:30493727,$14.97,,,,$1.85/100GR,"Restaurant quality premium, fully cooked, hand cut crispy jumbo tenders in the convenience of your home. Customize your experience by enjoying them plain, make them as saucy as you like or dip them in the included sauces.",The ultimate pub experience in a box. Crispy coating. Signature sauces included. Total customization. Enjoy the tenders plain. Sauce them. Dip them. Premium hand cut jumbo tenders. Fully cooked.,"[{""Product Type"":""Chicken Breasts""},{""Cut"":""Strips""},{""Storage Type"":""Frozen""},{""Clearout Deal"":""No""},{""Lifestyle\/Dietary Need"":""N\/A""}]",https://i5.walmartimages.ca/images/Enlarge/158/137/1158137.jpg | https://i5.walmartimages.ca/images/Enlarge/813/7_1/1158137_1.jpg,2,Sold by Walmart,"CHICKEN INGREDIENTS: CHICKEN BREAST FILLETS, WATER, SOY PROTEIN ISOLATE, SALT, SPICES, FLAVOUR, IN COATING OF WHEAT FLOUR, WATER, YELLOW CORN FLOUR, TOASTED WHEAT CRUMBS, CORNSTARCH, SALT, SPICES, GUAR GUM. BROWNED IN VEGETABLE OIL (CANOLA AND/OR SOYBEAN). PLUM SAUCE: GLUCOSE/FRUCTOSE, WATER, DISTILLED VINEGAR, MODIFIED CORN STARCH, TOMATO PASTE, APRICOT PUREE, PLUM JUICE CONCENTRATE, SALT, GARLIC POWDER, NATURAL FLAVOUR, CITRIC ACID, MALIC ACID, SPICES, ONION POWDER, XANTHAN GUM, SODIUM BENZOATE, POTASSIUM SORBATE, SULPHITES. HONEY MUSTARD SAUCE: MUSTARD, SUGAR, GLUCOSE/FRUCTOSE, HONEY, VINEGAR, TOMATO PASTE, BROWN SUGAR, NATURAL FLAVOUR, CHILI PEPPERS, SALT, MODIFIED CORN STARCH, GARLIC POWDER, ONION POWDER, SPICES, MOLASSES, SOY SAUCE (FERMENTED SOYBEANS. MALTODEXTRIN, SALT), TAMRIND, XANTHAN GUM, CARAMEL COLOUR, RED 40, SODIUM BENZOATE, POTASSIUM SORBATE, SULPHITES.",N/A,Add to Cart; Find in Store,3,2,,
Walmart Canada,Frozen,Meatless Alternatives,walmart.ca,https://www.walmart.ca/en/ip/black-river-thick-cut-boneless-pork-steaks-salt-and-pepper/6000197888156,,,"Walmart.ca > Grocery > Frozen Food > Frozen Meat, Seafood & Alternatives > Frozen Pork",Black River Angus,"Black River Thick Cut Boneless Pork Steaks, Salt And Pepper",SKU:6000197888157,UPC:62891555526,ID:6000197888156,Walmart Item #:30181173,$17.97,,,,$2.11/100GR,A perfect idea for any family get-together meal. Our tender salt and pepper seasoned boneless pork steaks make for a delicious main that will have them coming back for more. Each box of pork steaks comes with a bottle of our unique steak spice.,,"[{""Cut"":""Other""},{""Product Type"":""Other""},{""Storage Type"":""Frozen""},{""Clearout Deal"":""No""},{""Lifestyle\/Dietary Need"":""N\/A""}]",https://i5.walmartimages.ca/images/Enlarge/509/557/6000198509557.jpg,1,Sold by Walmart,"Pork chop (pork, water, vinegar, flavour, cultured dextrose [corn maltodextrin], black pepper, salt) • Steak spice (dehydrated garlic, spices, salt, canola oil, citric acid, dehydrated red bell pepper)",N/A,Add to Cart; Find in Store,4.5,2,,1
Walmart Canada,Frozen,Meatless Alternatives,walmart.ca,https://www.walmart.ca/en/ip/our-finest-uncooked-shrimp-spring-rolls-with-basil-leaf/6000197208938,,450 g,"Walmart.ca > Grocery > Frozen Food > Frozen Meat, Seafood & Alternatives > Frozen Fish & Seafood",Our Finest,Our Finest Uncooked Shrimp Spring Rolls with Basil Leaf,SKU:6000197208939,UPC:62891555335,ID:6000197208938,Walmart Item #:31389851,$11,,,,$2.44/100GR,"Each crispy bite of Our FinestTM Shrimp Spring Rolls with Basil Leaf brings out the wonderfully sweet and savoury taste of fresh basil and perfectly seasoned shrimp. Our FinestTM - premium quality ingredients and the best we have to offer, from our table to yours.",,"[{""Product Type"":""Seafood""},{""Storage Type"":""Frozen""},{""Walmart Exclusive"":""Yes""},{""Clearout Deal"":""No""},{""Lifestyle\/Dietary Need"":""No artificials""}]",https://i5.walmartimages.ca/images/Enlarge/553/352/628915553352.jpg | https://i5.walmartimages.ca/images/Enlarge/335/2_1/628915553352_1.jpg | https://i5.walmartimages.ca/images/Enlarge/52_/nft/628915553352_NFT.jpg | https://i5.walmartimages.ca/images/Enlarge/52_/nft/628915553352_NFT.jpg,4,Sold by Walmart,"Filling: shrimp (shrimp, sodium tripolyphosphate, salt), vermicelli (mung beans, peas, water, salt), cabbage, carrot, basil leaf, shallot, corn starch, soy sauce (water, soybean, wheat, salt), garlic, sugar, salt, sesame oil, spices. Wrapper: enriched wheat flour, soybean oil, modified potato starch, corn starch, salt, soy lecithin, water.",No artificials,Add to Cart; Find in Store,4.2,5,,1
Walmart Canada,Frozen,Meatless Alternatives,walmart.ca,https://www.walmart.ca/en/ip/pintys-eatwell-buffalo-fling/6000198566619,,,"Walmart.ca > Grocery > Frozen Food > Frozen Meat, Seafood & Alternatives > Frozen Chicken & Turkey",Pinty's EatWell,Pinty's Eatwell Buffalo Fling,SKU:6000198566620,UPC:6909463211,ID:6000198566619,Walmart Item #:31583467,$16.97,,,,$2.1/100GR,Pinty's Eatwell Buffalo Fling,,"[{""Product Type"":""Chicken Breasts""},{""Cut"":""Other""},{""Storage Type"":""Frozen""},{""Clearout Deal"":""No""},{""Lifestyle\/Dietary Need"":""Gluten Free""}]",https://i5.walmartimages.ca/images/Enlarge/199/717/6000200199717.jpg,1,Sold by Walmart,"CHICKEN INGREDIENTS: CHICKEN, WATER, FLAVOUR, SALT, POTASSIUM CHLORIDE, RICE STARCH, SPICE EXTRACTS; IN A COATING OF: RICE FLOUR, YELLOW CORN FLOUR, AGED CAUENNE RED PEPPERS, DISTILLED VINEGAR, WATER, CORN STARCH, SALT, GARLIC POWDER, SPICES, MODIFIED CORN STARCH, GUAR GUM, PEA PROTEIN, FLAVOUR, SPICES, SEASONING, SOY LECITHIN, CITRIC ACID, POLYSORBATE 80, TITANIUM DIOXIDE, XANTHAN GUM, GUAR GUM, MONOSODIUM GLUTAMATE, SODIUMALGINATE, DISODIUM INOSINATE &amp; GUANYLATE, POTASSIUM SORBATE, DISODIUM EDTA.",Gluten Free,Add to Cart; Find in Store,0,,,
Walmart Canada,Frozen,Meatless Alternatives,walmart.ca,https://www.walmart.ca/en/ip/aqua-star-oven-ready-popcorn-shrimp/6000196728909,,567g,"Walmart.ca > Grocery > Frozen Food > Frozen Meat, Seafood & Alternatives > Frozen Fish & Seafood",Aquastar,Aqua Star Oven Ready Popcorn Shrimp,SKU:6000196728910,UPC:73114935039,ID:6000196728909,Walmart Item #:31326792,$9.97,,,,$1.76/100GR,Aqua Star brand shell off and tail off popcorn shrimp is made with a crunchy lightly seasoned breading.  Perfect for appetizers with friends.,"- Oven Ready 
- Free of Artificial Flavours and Preservatives","[{""Cut"":""Seafood""},{""Storage Type"":""Frozen""},{""Clearout Deal"":""No""},{""Lifestyle\/Dietary Need"":""""}]",https://i5.walmartimages.ca/images/Enlarge/444/275/6000201444275.jpg | https://i5.walmartimages.ca/images/Enlarge/464/808/6000201464808.jpg | https://i5.walmartimages.ca/images/Enlarge/549/880/6000201549880.jpg | https://i5.walmartimages.ca/images/Enlarge/549/881/6000201549881.jpg,4,Sold by Walmart,"Shrimp, Wheat Flour, Water, Soybean Oil, Modified Corn Starch, Salt, Sugar, Corn Flour, Yeast, Onion Powder, Garlic Powder, Spices, Celery Seed, Leavening (Sodium Acid Pyrophosphate, Sodium Bicarbonate), Xanthan Gum, Modified Tapioca Starch, Cellulose Gum, Caramel Colour, Paprika Extract, Natural Flavor, Sodium Tripolyphosphate.",,Add to Cart; Find in Store,2.4,5,,
Walmart Canada,Frozen,Meatless Alternatives,walmart.ca,https://www.walmart.ca/en/ip/ocean-dragon-shrimp-head-on-shell-on/6000197021046,,340g,Walmart.ca > Household Supplies & Pantry > International Foods > Chinese & East Asian,Ocean Dragon,"Ocean Dragon Shrimp, Head-On, Shell-On",SKU:6000197021047,UPC:5937179832,ID:6000197021046,Walmart Item #:31375718,$5.27,,,,$1.55/100GR,"Ocean Dragon Head-on, Shell-on Shrimp.  40-50 shrimp per pound.  Product of Ecuqdor.  Uncooked, block frozen.  BAP certified.",,"[{""Cut"":""Seafood""},{""Product Type"":""Seafood""},{""Storage Type"":""Frozen""},{""Clearout Deal"":""No""},{""Lifestyle\/Dietary Need"":""No egg,No fish,No milk,No mustard,No sesame,No soy,No wheat,No lactose,No artificials,No added sugars,Paleo-friendly,Whole30-friendly""}]",https://i5.walmartimages.ca/images/Enlarge/338/363/6000200338363.jpg | https://i5.walmartimages.ca/images/Enlarge/338/368/6000200338368.jpg,2,Sold by Walmart,SHRIMP. MAY CONTAIN SULPHITES.,"No egg,No fish,No milk,No mustard,No sesame,No soy,No wheat,No lactose,No artificials,No added sugars,Paleo-friendly,Whole30-friendly",Add to Cart; Find in Store,0,,,
Walmart Canada,Frozen,Meatless Alternatives,walmart.ca,https://www.walmart.ca/en/ip/mina-supreme-crunch-halal-spicy-chicken-burgers/6000202389436,,600 g,Walmart.ca > Grocery > Seasonal Holidays > Diwali Celebration > Diwali Meals,Mina,Mina Supreme Crunch Halal Spicy Chicken Burgers,SKU:6000202389437,UPC:6310029725,ID:6000202389436,Walmart Item #:31073764,$8.97,,,,$1.5/100GR,"Serve your family wholesome, delicious halal chicken with Mina Supreme Crunch™ Spicy Chicken Burgers. Raised on Canadian farms, our chickens are individually blessed and strictly Zabeeha by hand. These frozen breaded chicken patties offer bold spicy flavour and irresistible crunch, making them an ideal choice for a delicious at-home meal addition or snack. A proudly Canadian brand, Mina® strictly adheres to the most stringent halal process and is verified by the Halal Monitoring Authority (HMA).","FAMILY FAVOURITE: These fully cooked spicy chicken burgers are a delicious meal addition or snack to savour with family and friends
HALAL CHICKEN: Mina® brand uses only fresh, wholesome halal chicken to create these crispy breaded chicken patties
ZABEEHA BY HAND: Chickens are Canadian farm raised and Zabeeha by hand to ensure humane treatment
NO ARTIFICIAL COLOURS OR FLAVOURS: Mina® brand products contain no artificial colours or flavours
COOK WITH CONFIDENCE: Certified by the Halal Monitoring Authority, Mina® brand strictly adheres to the most stringent halal process so our customers can cook with confidence","[{""Product Type"":""Other""},{""Storage Type"":""Frozen""},{""Clearout Deal"":""No""},{""Lifestyle\/Dietary Need"":""""}]",https://i5.walmartimages.ca/images/Enlarge/515/522/6000202515522.jpg | https://i5.walmartimages.ca/images/Enlarge/235/414/6000204235414.jpg | https://i5.walmartimages.ca/images/Enlarge/235/415/6000204235415.jpg | https://i5.walmartimages.ca/images/Enlarge/235/416/6000204235416.jpg | https://i5.walmartimages.ca/images/Enlarge/235/417/6000204235417.jpg,5,Sold by Walmart,Chicken; Water; Wheat Flour; Toasted Wheat Crumbs; Wheat Gluten; Modified Corn Starch; Salt; Soy Protein Product; Corn Flour; Spice;  Sugar; Baking Powder; Garlic Powder; Onion Powder; Modified Palm Oil; Spice Extractives; Defatted Soy Flour; Yeast Extract; Guar Gu M; Flavour. Browned In Vegetable Oil. Contains: Wheat; Soy.,,Add to Cart; Find in Store,5,1,,
Walmart Canada,Frozen,Meatless Alternatives,walmart.ca,https://www.walmart.ca/en/ip/black-river-angus-sandwich-steaks/6000197888076,,6 thin cut steaks and spice,"Walmart.ca > Grocery > Frozen Food > Frozen Meat, Seafood & Alternatives > Frozen Beef",Black River Angus,Black River Angus Sandwich Steaks,SKU:6000197888077,UPC:62891555528,ID:6000197888076,Walmart Item #:30180882,$17.97,,,,$1797/100GR,"We use only Angus beef aged to perfection. Then we hand-trim and marinate our steaks to ensure extra tenderness. But we leave the finishing touch to you: a bottle of our unique Black River Angus
Steak Spice comes in every box.",,"[{""Cut"":""Other""},{""Product Type"":""Meals""},{""Storage Type"":""Frozen""},{""Clearout Deal"":""No""},{""Lifestyle\/Dietary Need"":""N\/A""}]",https://i5.walmartimages.ca/images/Enlarge/509/320/6000198509320.jpg,1,Sold by Walmart,"Steak (beef, water, salt, canola oil, spices and spice extracts, sugar [dextrose], cultured dextrose [corn maltodextrin], sodium phosphate, onion, natural flavour, garlic, corn maltodextrin, soy sauce powder [wheat, soy, salt], modified corn starch, sodium diacetate, lactose [milk], papain [sulphites], paprika extract) • Steak spice (dehydrated garlic, spices, salt, canola oil, citric acid, dehydrated redbell pepper)",N/A,Add to Cart; Find in Store,5,3,,1
Walmart Canada,Frozen,Meatless Alternatives,walmart.ca,https://www.walmart.ca/en/ip/great-value-buffalo-style-chicken-breast-chunks/6000196383018,,750g Buffalo Chunk,"Walmart.ca > Grocery > Frozen Food > Frozen Meat, Seafood & Alternatives > Frozen Chicken & Turkey",Great Value,Great Value Buffalo Style Chicken Breast Chunks,SKU:6000196383019,UPC:62891538047,ID:6000196383018,Walmart Item #:30371248,$10.97,,,,$1.46/100GR,"Enjoy a delicious meal or snack when you prepare frozen Great Value Buffalo Style Chicken Breast Chunks. These chicken breast chunks are fully cooked, seasoned and breaded, and come with packets of buffalo and ranch dipping sauces to really kick up the flavour!

The Great Value brand strives to provide Canadian families everyday value that does not compromise on quality. All of our Great Value products come with a 100% satisfaction guarantee, or your money back. With Great Value, you can feel confident that you are making a great choice!",,"[{""Product Type"":""Chicken Breasts""},{""Cut"":""Nuggets & Bites""},{""Storage Type"":""Frozen""},{""Walmart Exclusive"":""Yes""},{""Clearout Deal"":""No""},{""Lifestyle\/Dietary Need"":""""}]",https://i5.walmartimages.ca/images/Enlarge/380/477/628915380477.jpg | https://i5.walmartimages.ca/images/Enlarge/047/7_1/628915380477_1.jpg,2,Sold by Walmart,"\""Ingredients:Boneless skinless chicken breast, water, modified corn starch, potassium chloride, salt, tetra potassium pyrophosphate, flavour, spices. In a coating of: toasted wheat crumbs, water, enriched wheat flour, soybean oil, modified corn starch, wheat gluten, cayenne pepper sauce powder (aged cayenne pepper, vinegar, salt, garlic powder, corn maltodextrin, flavour), yellow corn flour, vinegar powder (corn maltodextrin, modified corn starch, vinegar), spices, modified palm oil, sodium diacetate, garlic powder, guar gum. Buffalo Sauce: water, aged cayenne peppers, vinegar, salt, modified corn starch, dried garlic, spices, xanthan gum. Ranch Sauce: water, soybean oil, frozen egg yolk, modified corn starch, vinegar, sugar, salt, modified milk ingredients, mustard, dried garlic and onion, seasoning, flavour, polysorbate 80, titanium dioxide, xanthan and guar gum, sodium algnate,  disodium inosinate and guanylate, monosodium glutamate, soy lecithin, spices, citric acid, potassium sorbate, sodium benzoate, disodium EDTA.  Contains: Milk, eggs, soy, wheat, mustard. May Contain: Sesame, fish.\""",,Add to Cart; Find in Store,4,1,,
Walmart Canada,Frozen,Meatless Alternatives,walmart.ca,https://www.walmart.ca/en/ip/harvest-grain-oven-ready-alaskan-cod/6000200232737,,"Wild Caught Fillets, 500g","Walmart.ca > Grocery > Frozen Food > Frozen Meat, Seafood & Alternatives > Frozen Fish & Seafood",Aquastar,Harvest Grain Oven Ready Alaskan Cod,SKU:6000200232738,UPC:73114938089,ID:6000200232737,Walmart Item #:30198731,$9.97,,,,$1.99/100GR,"The wild caught Alaskan Cod fillets are all natural and frozen at sea to lock in freshness. We hand-cut each fillet, then lightly coat with a savory, golden breadcrumb coating for a mouthwatering crunch.","- Product of Canada
- MSC Certified 
- Wild Caught Fillets
- 6 to 7 Fillets","[{""Cut"":""Fillets""},{""Product Type"":""Seafood""},{""Singleserve"":""No""},{""Storage Type"":""Frozen""},{""Clearout Deal"":""No""},{""Lifestyle\/Dietary Need"":""N\/A""}]",https://i5.walmartimages.ca/images/Enlarge/260/520/6000200260520.jpg | https://i5.walmartimages.ca/images/Enlarge/464/573/6000201464573.jpg | https://i5.walmartimages.ca/images/Enlarge/550/171/6000201550171.jpg | https://i5.walmartimages.ca/images/Enlarge/550/173/6000201550173.jpg,4,Sold by Walmart,"Cod, Toasted Wheat Crumbs with Spice Extractives, Soybean Oil, Water, Modified Corn Starch, Wheat Flour, Whole Grain Wheat Flour, Salt, Wheat Gluten, Rolled Oats, Spices, Garlic Powder, Onion Powder, Tapioca Dextrin, Flax Seed, Poppy Seeds, Pumpkin Seeds, Sunflower Seeds, Sugar, Vegetable Oil (canola &/or Sunflower Oil), Baking Powder, Pea Protein Isolate, Methylcellulose, Yellow Corn Flour, Guar Gum, Spice Extractives.",N/A,Add to Cart; Find in Store,2.7,3,,
Walmart Canada,Drinks,Coffee,walmart.ca,https://www.walmart.ca/en/ip/nescaf-rich-instant-coffee-170-g/6000192948167,,170 GR,Walmart.ca > Household Supplies & Pantry > Drinks > Coffee > Instant Coffee,NESCAFÉ,NESCAFÉ® Rich Instant Coffee 170 g,SKU:6000192948168,UPC:5500000881,ID:6000192948167,Walmart Item #:30171807,$5.47,,,,$3.22/100GR,NESCAFÉ® Rich Instant Coffee (170 g) makes a deliciously rich tasting coffee from 100% natural coffee beans. A perfect way to kick-start the day.,"• 170 g jar of instant coffee
• Made from 100% natural coffee beans
• Has been waking up with Canadians for over 75 years
• Makes over 85 servings","[{""Flavour"":""Other""},{""Product Type"":""Other""},{""Decaffeinated"":""No""},{""Singleserve"":""No""},{""Storage Type"":""Shelf""},{""Clearout Deal"":""No""},{""Lifestyle\/Dietary Need"":""No egg,No fish,No milk,No mustard,No sesame,No shellfish,No soy,No sulfite,No wheat,No lactose,No artificials,Kosher,No added sugars,Paleo-friendly,Vegan-friendly,Vegetarian-friendly,Whole30-friendly""}]",https://i5.walmartimages.ca/images/Enlarge/008/815/999999-55000008815.jpg | https://i5.walmartimages.ca/images/Enlarge/881/5_1/999999-55000008815_1.jpg | https://i5.walmartimages.ca/images/Enlarge/881/5_2/999999-55000008815_2.jpg | https://i5.walmartimages.ca/images/Enlarge/881/5_3/999999-55000008815_3.jpg | https://i5.walmartimages.ca/images/Enlarge/094/444/6000197094444.jpg,5,Sold by Walmart,COFFEE,"No egg,No fish,No milk,No mustard,No sesame,No shellfish,No soy,No sulfite,No wheat,No lactose,No artificials,Kosher,No added sugars,Paleo-friendly,Vegan-friendly,Vegetarian-friendly,Whole30-friendly",Add to Cart; Find in Store,4,73,,1
Walmart Canada,Frozen,Meatless Alternatives,walmart.ca,https://www.walmart.ca/en/ip/yorkshire-valley-farms-organic-chicken-drumsticks/6000200274723,,,"Walmart.ca > Grocery > Frozen Food > Frozen Meat, Seafood & Alternatives > Frozen Chicken & Turkey",Yorkshire Valley Farms,Yorkshire Valley Farms Organic Chicken Drumsticks,SKU:6000200274724,UPC:84029408006,ID:6000200274723,Walmart Item #:30541749,$13.97,,,,,"At Yorkshire Valley Farms, we are committed to bringing you a range of organic, free-range chicken products that are both good for you and kind to the environment. Our certified organic chickens are raised without the use of antibiotics on family-run farms in barns that are open to sunlight and fresh air. Their diet is made up of a proprietary mix of non-GMO, pesticide and herbicide-free grains, with no animal by-products added. Processing is done to exacting standards in an organically certified facility. And many components of our packaging can be recycled. By taking the best of what nature gives us, we provide you with wholesome, delicious chicken that we can all feel good about, for our families and the world we live in. Enjoy!","- Organic
- Antibiotic-free
- Pesticide and herbicide free
- Non-GMO
- Raised in Canada","[{""Product Type"":""Legs""},{""Cut"":""Other""},{""Singleserve"":""No""},{""Storage Type"":""Frozen""},{""Clearout Deal"":""No""},{""Lifestyle\/Dietary Need"":""""}]",https://i5.walmartimages.ca/images/Enlarge/357/481/6000200357481.jpg,1,Sold by Walmart,Organic Chicken,,Add to Cart; Find in Store,5,1,,1
Walmart Canada,Frozen,Meatless Alternatives,walmart.ca,https://www.walmart.ca/en/ip/crunchy-breaded-oven-ready-scallops/6000197880576,,454 g,"Walmart.ca > Grocery > Frozen Food > Frozen Meat, Seafood & Alternatives > Frozen Fish & Seafood",Aquastar,Crunchy Breaded Oven Ready Scallops,SKU:6000197880577,UPC:73114940016,ID:6000197880576,Walmart Item #:30147878,$9.97,,,,$2.2/100GR,"Aqua Star brand breaded scallops are panko crumb breaded, and oven ready.  The scallops are free of artificial flavors or preservatives and make for the perfect appetizer.","- Oven Ready 
- Free from artificial flavours and preservatives
- Ocean Wise","[{""Cut"":""Seafood""},{""Singleserve"":""No""},{""Storage Type"":""Frozen""},{""Clearout Deal"":""No""},{""Lifestyle\/Dietary Need"":""""}]",https://i5.walmartimages.ca/images/Enlarge/444/241/6000201444241.jpg | https://i5.walmartimages.ca/images/Enlarge/444/240/6000201444240.jpg | https://i5.walmartimages.ca/images/Enlarge/587/480/6000201587480.jpg | https://i5.walmartimages.ca/images/Enlarge/587/483/6000201587483.jpg,4,Sold by Walmart,"Scallops, Water, Wheat Flour, Soybean Oil, Corn Starch, Salt, Palm Oil, Modified Corn Starch, Sodium Acid Pyrophosphate, Sodium Bicarbonate, Wheat Gluten, Sugar, Yeast, Corn Flour, Sunflower Oil, Spice, Sodium Tripolyphosphate.  Allergen Warnings: Contains scallops, wheat, and soy ingredients.",,Add to Cart; Find in Store,3,3,,
Walmart Canada,Frozen,Meatless Alternatives,walmart.ca,https://www.walmart.ca/en/ip/pintys-pub-grill-boneless-honey-roasted-garlic-chicken-wings/6000162308143,,810 g,"Walmart.ca > Grocery > Frozen Food > Frozen Meat, Seafood & Alternatives > Frozen Chicken & Turkey",Pinty's Pub & Grill,Pinty's Pub & Grill Boneless Honey & Roasted Garlic Chicken Wings,SKU:10316591,UPC:6909462459,ID:6000162308143,Walmart Item #:30493729,$14.97,,,,$1.85/100GR,"\u003Cp>Restaurant quality premium, fully cooked, bite sized chicken chunks in the convenience of your home. Customize your experience by enjoying them plain, making them as saucy as you like or dipping them in the included sauces.\u003C/p>",\u003Cul>\u003Cli>The ultimate pub experience in a box\u003C/li>\u003Cli>Lightly dusted\u003C/li>\u003Cli>Mildly Seasoned\u003C/li>\u003Cli>Signature sauces included\u003C/li>\u003Cli>Total customization\u003C/li>\u003Cli>Enjoy the chunks plain\u003C/li>\u003Cli>Sauce them\u003C/li>\u003Cli>Dip them\u003C/li>\u003Cli>Bite sized Chicken Chunks\u003C/li>\u003Cli>Fully cooked\u003C/li>\u003C/ul>,"[{""Product Type"":""Other""},{""Cut"":""Wings""},{""Storage Type"":""Other""},{""Clearout Deal"":""No""},{""Lifestyle\/Dietary Need"":""N\/A""}]",https://i5.walmartimages.ca/images/Enlarge/158/139/1158139.jpg | https://i5.walmartimages.ca/images/Enlarge/813/9_1/1158139_1.jpg | https://i5.walmartimages.ca/images/Enlarge/813/9_1/1158139_1.jpg,3,Sold by Walmart,,N/A,Add to Cart; Find in Store,3,5,,
Walmart Canada,Frozen,Meatless Alternatives,walmart.ca,https://www.walmart.ca/en/ip/ocean-jewel-seafood-mix/6000196384758,,908 g,"Walmart.ca > Grocery > Frozen Food > Frozen Meat, Seafood & Alternatives > Frozen Fish & Seafood",OCEAN JEWEL,OCEAN JEWEL Seafood Mix,SKU:6000196384759,UPC:5937179597,ID:6000196384758,Walmart Item #:31114063,$9.97,,,,$1.1/100GR,"Ocean Jewel Seafood Mix is a popular blend of squid, cooked mussels and shrimp. . Excellent for antipastos, seafood salads, chowders, sauces, pastas, gourmet pizzas and more.","• No Preservatives
• No Artificial Colours or Flavours
• Keep frozen","[{""Cut"":""Seafood""},{""Product Type"":""Seafood""},{""Storage Type"":""Frozen""},{""Clearout Deal"":""No""},{""Lifestyle\/Dietary Need"":""No egg,No fish,No milk,No mustard,No sesame,No soy,No sulfite,No wheat,No lactose,No artificials,No added sugars,Paleo-friendly,Whole30-friendly""}]",https://i5.walmartimages.ca/images/Enlarge/714/729/6000202714729.jpg | https://i5.walmartimages.ca/images/Enlarge/597/8_7/999999-59371795978_7.jpg | https://i5.walmartimages.ca/images/Enlarge/597/8_7/999999-59371795978_7.jpg,3,Sold by Walmart,"Squid, Cooked Mussels, Shrimp.","No egg,No fish,No milk,No mustard,No sesame,No soy,No sulfite,No wheat,No lactose,No artificials,No added sugars,Paleo-friendly,Whole30-friendly",Add to Cart; Find in Store,3.3,3,,
Walmart Canada,Drinks,Soft Drinks/Sodas,walmart.ca,https://www.walmart.ca/en/ip/coca-cola-300ml-mini-bottles-8-pack/6000199464883,,300mLx8,Walmart.ca > Household Supplies & Pantry > Drinks > Soft Drinks > Cola,Coca-Cola,"Coca-Cola 300mL Mini Bottles, 8 Pack",SKU:6000199464884,UPC:6700000922,ID:6000199464883,Walmart Item #:30699080,$5.47,,,,$0.23/100ML,"Soda. Pop. Soft drink. Sparkling beverage. Carbonated drink.

Whatever you call it, nothing compares to the refreshing, crisp taste of Coca-Cola, the delicious soda you know and love. Enjoy with friends, on the go or with a meal. Whatever the occasion, wherever you are, Coca-Cola makes life’s special moments a little bit better.

Since 1886, its great taste has stood the test of time. Something so delicious, so unique and so familiar, it’s what makes you think “Coca-Cola” whenever you hear “soft drink.” Between that perfect taste and refreshing fizz, it’s sure to give you that “ahhh” moment whenever you want it. 

Looking for something zero sugar? Then look no further than Coca-Cola Zero Sugar. Whatever you’re looking for in a soda, there’s a Coca-Cola to satisfy your taste buds.
 
Every sip, every “ahhh,” every smile—find that feeling with Coca-Cola. Best enjoyed ice-cold for maximum refreshment. Grab a Coca-Cola, take a sip and find your “ahhh” moment.

Enjoy Coca-Cola","8 mini bottles of Coca-Cola — the refreshing, crisp taste you know and love
Great taste since 1886
34 mg caffeine in each 355 mL serving
300 mL in each mini bottle
This carbonated beverage is best enjoyed ice-cold for maximum refreshment","[{""Flavour"":""Cola""},{""Storage Type"":""Refrigerate""},{""Clearout Deal"":""No""},{""Lifestyle\/Dietary Need"":""No egg,No fish,No milk,No mustard,No sesame,No shellfish,No soy,No sulfite,No wheat,No lactose,Kosher,Vegan-friendly,Vegetarian-friendly""}]",https://i5.walmartimages.ca/images/Enlarge/462/646/6000200462646.jpg | https://i5.walmartimages.ca/images/Enlarge/462/647/6000200462647.jpg | https://i5.walmartimages.ca/images/Enlarge/280/466/6000202280466.jpg | https://i5.walmartimages.ca/images/Enlarge/280/378/6000202280378.jpg | https://i5.walmartimages.ca/images/Enlarge/280/323/6000202280323.jpg | https://i5.walmartimages.ca/images/Enlarge/280/421/6000202280421.jpg | https://i5.walmartimages.ca/images/Enlarge/280/380/6000202280380.jpg | https://i5.walmartimages.ca/images/Enlarge/630/272/6000202630272.jpg | https://i5.walmartimages.ca/images/Enlarge/280/341/6000202280341.jpg | https://i5.walmartimages.ca/images/Enlarge/991/987/6000203991987.jpg | https://i5.walmartimages.ca/images/Enlarge/991/987/6000203991987.jpg,11,Sold by Walmart,"CARBONATED WATER, SUGAR/GLUCOSE-FRUCTOSE, CARAMEL COLOUR, PHOSPHORIC ACID, NATURAL FLAVOUR, CAFFEINE.","No egg,No fish,No milk,No mustard,No sesame,No shellfish,No soy,No sulfite,No wheat,No lactose,Kosher,Vegan-friendly,Vegetarian-friendly",Add to Cart; Find in Store,0,,,
Walmart Canada,Frozen,Meatless Alternatives,walmart.ca,https://www.walmart.ca/en/ip/aqua-star-basa-fillets/6000201941623,,,"Walmart.ca > Grocery > Frozen Food > Frozen Meat, Seafood & Alternatives > Frozen Fish & Seafood",Aquastar,Aqua Star Basa Fillets,SKU:6000201941624,UPC:73114981628,ID:6000201941623,Walmart Item #:30940591,$3.47,,,,$0.87/100GR,Basa Fillets 400/gr,,"[{""Product Type"":""Seafood""},{""Storage Type"":""Frozen""},{""Clearout Deal"":""No""},{""Lifestyle\/Dietary Need"":""""}]",https://i5.walmartimages.ca/images/Enlarge/320/560/6000203320560.jpg | https://i5.walmartimages.ca/images/Enlarge/106/692/6000203106692.jpg,2,Sold by Walmart,Basa,,Add to Cart; Find in Store,0,,,
Walmart Canada,Drinks,Soft Drinks/Sodas,walmart.ca,https://www.walmart.ca/en/ip/san-pellegrino-orange-sparkling-fruit-beverage/6000196180626,,6 x 330 ml,Walmart.ca > Household Supplies & Pantry > Drinks > Soft Drinks > Other Soft Drinks,S. Pellegrino,San Pellegrino Orange Sparkling Fruit Beverage,SKU:10290017,UPC:4150880030,ID:6000196180626,Walmart Item #:9262748,$5.77,$4.97,,$Rollback,$0.25/100ML,\u003Cp>Experience the delicious flavours of San Pellegrino's sparkling fruit beverage orginating from Italy.\u003C/p>,\u003Cul>\u003Cli>Unique and refreshing taste with authentic fruit-based ingredients\u003C/li>\u003Cli>\u003Cp>Contains a unique foil top cover\u003C/p>\u003C/li>\u003Cli>\u003Cp>Imported from Italy\u003C/p>\u003C/li>\u003C/ul>,"[{""Flavour"":""Orange""},{""Singleserve"":""No""},{""Clearout Deal"":""No""},{""Lifestyle\/Dietary Need"":""No egg,No fish,No milk,No mustard,No sesame,No shellfish,No soy,No sulfite,No wheat,No lactose,No artificials,Kosher,Vegan-friendly,Vegetarian-friendly""}]",https://i5.walmartimages.ca/images/Enlarge/_63/478/63478.jpg | https://i5.walmartimages.ca/images/Enlarge/03_/nft/41508800303_NFT.jpg | https://i5.walmartimages.ca/images/Enlarge/03_/nft/41508800303_NFT.jpg,3,Sold by Walmart,"WATER, ORANGE JUICE FROM CONCENTRATE, SUGAR, CARBON DIOXIDE, CITRIC ACID (ACIDULANT), PECTIN, NATURAL FLAVOUR.","No egg,No fish,No milk,No mustard,No sesame,No shellfish,No soy,No sulfite,No wheat,No lactose,No artificials,Kosher,Vegan-friendly,Vegetarian-friendly",Add to Cart; Find in Store,0,,,
Walmart Canada,Frozen,Meatless Alternatives,walmart.ca,https://www.walmart.ca/en/ip/shrimp-spring-rolls/6000202289707,,"425/gr, 8 Spring Rolls","Walmart.ca > Grocery > Frozen Food > Frozen Meat, Seafood & Alternatives > Frozen Fish & Seafood",Aquastar,Shrimp Spring Rolls,SKU:6000202289708,UPC:73114935384,ID:6000202289707,Walmart Item #:31057802,$9.97,,,,,8 Springs Rolls with Sweet Chili Dipping Sauce with 2 Sauce Packages,"- 8 Spring Rolls 
- 425/gr
- Includes Sweet Chili Sauce","[{""Cut"":""Seafood""},{""Product Type"":""Seafood""},{""Singleserve"":""No""},{""Storage Type"":""Frozen""},{""Clearout Deal"":""No""},{""Lifestyle\/Dietary Need"":""""}]",https://i5.walmartimages.ca/images/Enlarge/092/986/6000203092986.jpg | https://i5.walmartimages.ca/images/Enlarge/093/017/6000203093017.jpg | https://i5.walmartimages.ca/images/Enlarge/093/002/6000203093002.jpg,3,Sold by Walmart,"SPRING ROLLS  [Spring roll wrapper (Enriched wheat flour, salt, water, palm oil),  Shrimp, Rice noodle (rice, water), Cabbage, Carrots, Water chestnuts, Soybean oil, Onion, Sugar, Garlic, Green onion, Salt, Tapioca starch, Spices, Soy sauce powder (soybean, wheat flour, salt, water)] .SWEET CHILI SAUCE [Water, Sugar, Chili paste (red chilies, water, salt, acetic acid), Vinegar, Modified corn starch, Minced garlic, Xanthan gum, Salt, Spice extract].Contains shrimp, wheat, soy",,Add to Cart; Find in Store,1,1,,
Walmart Canada,Drinks,Soft Drinks/Sodas,walmart.ca,https://www.walmart.ca/en/ip/schweppes-ginger-ale-6-x-710-ml-bottles/6000196027129,,6x710mL,Walmart.ca > Household Supplies & Pantry > Drinks > Soft Drinks > Other Soft Drinks,Schweppes,"Schweppes Ginger Ale, 6 x 710 mL bottles",SKU:6000196027130,UPC:1660000076,ID:6000196027129,Walmart Item #:9238652,$3.97,,,,$0.09/100ML,"Nothing quenches thirst quite like the refreshingly crisp, bright ginger flavour of Schweppes* Ginger Ale, a taste tradition since 1783. This convenient 6-pack of 710 mL bottles is just right for sharing bubbles of fun!","•6 x 710 mL bottles
•Versatile mixer
•Bright, refreshing ginger taste
•Perfect for get-togethers","[{""Flavour"":""Ginger Ale""},{""Singleserve"":""No""},{""Storage Type"":""Shelf""},{""Clearout Deal"":""No""},{""Lifestyle\/Dietary Need"":""No egg,No fish,No milk,No mustard,No sesame,No shellfish,No soy,No sulfite,No wheat,No lactose,Vegan-friendly,Vegetarian-friendly""}]",https://i5.walmartimages.ca/images/Enlarge/000/760/999999-16600000760.jpg | https://i5.walmartimages.ca/images/Enlarge/076/0_1/999999-16600000760_1.jpg | https://i5.walmartimages.ca/images/Enlarge/879/336/6000202879336.jpg | https://i5.walmartimages.ca/images/Enlarge/143/494/6000203143494.jpg | https://i5.walmartimages.ca/images/Enlarge/60_/nft/16600000760_NFT.jpg | https://i5.walmartimages.ca/images/Enlarge/60_/nft/16600000760_NFT.jpg,6,Sold by Walmart,"CARBONATED WATER, SUGAR/GLUCOSE-FRUCTOSE, CITRIC ACID, SODIUM BENZOATE, COLOUR, NATURAL FLAVOUR.","No egg,No fish,No milk,No mustard,No sesame,No shellfish,No soy,No sulfite,No wheat,No lactose,Vegan-friendly,Vegetarian-friendly",Add to Cart; Find in Store,4.5,64,,
Walmart Canada,Frozen,Meatless Alternatives,walmart.ca,https://www.walmart.ca/en/ip/gardein-meat-free-beefless-tips/6000198331513,,255g,"Walmart.ca > Grocery > Frozen Food > Frozen Meat, Seafood & Alternatives > Frozen Plant-based Proteins",Gardein,Gardein Meat Free Beefless Tips,SKU:6000198331514,UPC:84223400063,ID:6000198331513,Walmart Item #:30441807,$5.27,,,,,Gardein homestyle beefless tips.  Ready in 10 minutes!  Made with plant protein.  Excellent source of protein.  Non GMO product.,,"[{""Storage Type"":""Frozen""},{""Product Type"":""Other""},{""Lifestyle and Dietary Claims"":""11""},{""Batteries Included"":""N""},{""Clearout Deal"":""No""},{""Lifestyle\/Dietary Need"":""No egg,No fish,No milk,No sesame,No shellfish,No lactose,No artificials,Kosher,Vegan-friendly,Vegetarian-friendly""}]",https://i5.walmartimages.com/asr/8d8ab33b-03f7-434f-9a09-29fe44910f46.6e1932c78e1aedb5b3b724ff558131ba.jpeg?odnHeight=2000&odnWidth=2000&odnBg=ffffff | https://i5.walmartimages.com/asr/7a9bb115-4d68-4e13-9ebc-8f71987ea8e6.62f27ac5aa9329c3ba9902c3956b8648.jpeg?odnHeight=2000&odnWidth=2000&odnBg=ffffff,2,Sold by Walmart,"water, soy protein isolate, wheat gluten, canola oil, onions, yeast extract, methylcellulose, dry rub (dehydrated vegetables [red bell peppers, garlic, onion], spices, cane sugar, salt, sunflower oil), malt extract (malted barley, water), distilled vinegar, maltodextrin, dipotassium phosphate, onion powder, garlic powder, sugar, natural flavours, salt, cane sugar, potato starch, spices, sea salt, pea protein, vitamins and minerals (tapioca maltodextrin, magnesium oxide, ferric orthophosphate, niacinamide, zinc oxide, vitamin b12, calcium pantothenate, pyridoxine hydrochloride, thiamine hydrochloride, riboflavin, copper gluconate). Contains: soy, wheat and barley.","No egg,No fish,No milk,No sesame,No shellfish,No lactose,No artificials,Kosher,Vegan-friendly,Vegetarian-friendly",Add to Cart; Find in Store,5,1,,
Walmart Canada,Frozen,Meatless Alternatives,walmart.ca,https://www.walmart.ca/en/ip/yves-veggie-cuisine-gluten-free-veggie-burgers/6000195509316,,"328 g, Veggie Burgers","Walmart.ca > Grocery > Frozen Food > Frozen Meat, Seafood & Alternatives > Frozen Plant-based Proteins",Yves,Yves Veggie Cuisine Gluten Free Veggie Burgers,SKU:6000195509317,UPC:6082240014,ID:6000195509316,Walmart Item #:30088500,$5.27,,,,$1.61/100GR,"Whether you have a gluten sensitivity or intolerance or if you want to take advantage of the health benefits of going gluten free, Yves Gluten Free Veggie Burgers are a delicious and nutritious alternative to beef burgers!","Kosher
Vegan
Vegetarian
Low in saturated fat
No Trans Fat
Source of Fiber
Good Source of Protein
Free of Artificial Preservatives
No Artificial Colors and Flavors","[{""Cut"":""Burgers""},{""Product Type"":""Other""},{""Storage Type"":""Frozen""},{""Lifestyle\/Dietary Need"":""Gluten-free,No egg,No fish,No milk,No sesame,No shellfish,No sulfite,No wheat,No lactose,No artificials,Kosher,Vegan-friendly,Vegetarian-friendly""}]",https://i5.walmartimages.ca/images/Enlarge/240/014/999999-06082240014.jpg | https://i5.walmartimages.ca/images/Enlarge/43_/nft/60822400143_NFT.jpg | https://i5.walmartimages.ca/images/Enlarge/43_/nft/60822400143_NFT.jpg,3,Sold by Walmart,"Water, textured soy protein, canola oil, onions, soy protein, natural flavours, modified cellulose, spices, salt, seasoning, yeast extract, tamari sauce (water, soybeans, salt, alcohol), caramel, carrageenan (from seaweed), cane sugar, potassium chloride, magnesium chloride, magnesium sulfates, vitamin and mineral blend. Contains soy and mustard.","Gluten-free,No egg,No fish,No milk,No sesame,No shellfish,No sulfite,No wheat,No lactose,No artificials,Kosher,Vegan-friendly,Vegetarian-friendly",Add to Cart; Find in Store,5,4,,1
Walmart Canada,Frozen,Meatless Alternatives,walmart.ca,https://www.walmart.ca/en/ip/our-finest-raised-without-antibiotics-beef-burgers/6000199442472,,6 x 128 g,"Walmart.ca > Grocery > Frozen Food > Frozen Meat, Seafood & Alternatives > Frozen Beef",Our Finest,Our Finest Raised without Antibiotics Beef Burgers,SKU:6000199442473,UPC:62891582538,ID:6000199442472,Walmart Item #:30546511,$12.97,,,,$1688.8/100GR,"Made from simple ingredients and Angus Beef raised without the use of added hormones, Our Finest™ Raised Without Antibiotics Beef Burgers are exceptionally tender with lots of deliciously meaty flavour. Ready for grilling, they can be paired with an array of gourmet toppings or enjoyed simply with classic condiments. Any way you dress them, these deliciously beefy burgers are sure to impress.","• Gluten free
• Raised without the use of added hormones
• Uncooked
• Made with Angus beef","[{""Cut"":""Burgers""},{""Product Type"":""Beef""},{""Singleserve"":""No""},{""Storage Type"":""Frozen""},{""Walmart Exclusive"":""Yes""},{""Clearout Deal"":""No""},{""Lifestyle\/Dietary Need"":""No artificials,No added sugars,Paleo-friendly,Whole30-friendly""}]",https://i5.walmartimages.ca/images/Enlarge/825/381/628915825381.jpg | https://i5.walmartimages.ca/images/Enlarge/538/1_1/628915825381_1.jpg | https://i5.walmartimages.ca/images/Enlarge/81_/nft/628915825381_NFT.jpg,3,Sold by Walmart,"Angus beef, water, salt, spices and spice extracts.","No artificials,No added sugars,Paleo-friendly,Whole30-friendly",Add to Cart; Find in Store,3.7,3,,2
Walmart Canada,Frozen,Meatless Alternatives,walmart.ca,https://www.walmart.ca/en/ip/gardein-maple-breakfast-patties/6000200001353,,190 g,Walmart.ca > Grocery > Frozen Food > Frozen Breakfast > Frozen Breakfast Sausage,Gardein,Gardein Maple Breakfast Patties,SKU:6000200001354,UPC:84223440199,ID:6000200001353,Walmart Item #:30043665,$5.27,,,,,"Your favourite foods made Meatless. We're insanely passionate about helping the world eat less meat. That's why we make delicious meatless chick'n tenders, meatless meatballs, and more. Now you can skip meat for a meal, or a month, without skipping your favorite foods.","•Always Vegan
•Excellent source of iron
•Made in only 12 minutes
•Non - Gmo- Verified
•Kosher
•Contains no meat
•Made with plant protein
•Meat-free","[{""Storage Type"":""Frozen""},{""Product Type"":""Other""},{""Lifestyle and Dietary Claims"":""11""},{""Features"":""\u2022Always Vegan<br>\u2022Excellent source of iron<br>\u2022Made in only 12 minutes<br>\u2022Non - Gmo- Verified<br>\u2022Kosher<br>\u2022Contains no meat<br>\u2022Made with plant protein<br>\u2022Meat-free""},{""Batteries Included"":""N""},{""Clearout Deal"":""No""},{""Lifestyle\/Dietary Need"":""No egg,No fish,No milk,No sesame,No shellfish,No sulfite,No lactose,Vegan-friendly,Vegetarian-friendly""}]",https://i5.walmartimages.com/asr/b5ef17cd-c7dd-4dac-af6d-65b489da93e7.1b8d5a3491ddb0a6d05efb4a9ef16998.jpeg?odnHeight=2000&odnWidth=2000&odnBg=ffffff | https://i5.walmartimages.com/asr/da1a13d2-40f4-464a-bfc8-d5a32d0b8b71.1b8d5a3491ddb0a6d05efb4a9ef16998.jpeg?odnHeight=2000&odnWidth=2000&odnBg=ffffff | https://i5.walmartimages.com/asr/ef1cf345-bf66-4c47-98fd-ebcbbb790294.fa9f0dcab922882e8f50718f3af5439a.jpeg?odnHeight=2000&odnWidth=2000&odnBg=ffffff,3,Sold by Walmart,"Water, Soy protein concentrate, Canola oil, Sugars (cane sugar, maple syrup, dark brown sugar, molasses powder), Wheat gluten, Soy protein isolate, Yeast extract, Methylcellulose, Salt, Potato starch, Sea salt, Malt extract (malted barley, water), Rice concentrate, Natural flavours, Spices, Caramel, Vitamins and minerals (tapioca maltodextrin, magnesium oxide, ferric orthophosphate, niacinamide, zinc oxide, vitamin B12, calcium pantothenate, pyridoxine hydrochloride, thiamine hydrochloride, riboflavin, copper gluconate). Contains: Barley, Soy, Wheat.","No egg,No fish,No milk,No sesame,No shellfish,No sulfite,No lactose,Vegan-friendly,Vegetarian-friendly",Add to Cart; Find in Store,0,,,
Walmart Canada,Frozen,Meatless Alternatives,walmart.ca,https://www.walmart.ca/en/ip/waston-shrimp-dumpling-ball/6000198610394,,NET 225g/Pack 8oz,"Walmart.ca > Grocery > Frozen Food > Frozen Meat, Seafood & Alternatives > Frozen Fish & Seafood",Watson,Waston Shrimp Dumpling Ball,SKU:6000198610395,UPC:80079430032,ID:6000198610394,Walmart Item #:31590877,$2.97,,,,$1.31/100GR,"Made from real seafood, Watson Shrimp Dumpling Balls add a burst of flavour to any dish – literally! Bite into the tender outside for a tasty shrimp surprise. Add to your favourite soup or noodle dish to pump up the flavour, or enjoy alone as an appetizer. Especially perfect in hotpot!
To boil/steam: boil in hot soup or steam for 10 minutes. To stir-fry: stir-fry with vegetables, seafood or noodles. To fry: defrost and fry in a shallow pan until golden brown.",,"[{""Product Type"":""Seafood""},{""Storage Type"":""Frozen""},{""Clearout Deal"":""No""},{""Lifestyle\/Dietary Need"":""""}]",https://i5.walmartimages.ca/images/Enlarge/558/893/6000202558893.jpg,1,Sold by Walmart,"Minced fish meat (Golden threadfin bream), Shrimp, Water, Modified tapioca starch, Soybean oil, Egg albumen powder (Egg), Salt, Sugar, Monosodium Glutamate, Enoki Mushroom Extract, Shrimp Flavor, Onion, Phosphate, Shortening (oil that has been fully hydrogenated).Contains: Fish, Shrimp, Soy, Egg.",,Add to Cart; Find in Store,0,,,
Walmart Canada,Frozen,Meatless Alternatives,walmart.ca,https://www.walmart.ca/en/ip/high-liner-pan-sear-selects/6000203061300,,,"Walmart.ca > Grocery > Frozen Food > Frozen Meat, Seafood & Alternatives > Frozen Fish & Seafood",High Liner,High Liner Pan-Sear SELECTS,SKU:6000203061301,UPC:6176301395,ID:6000203061300,Walmart Item #:30766242,$6.97,,,,$2.32/100GR,"High Liner Pan-Sear SELECTS Fish, Prepared, Frozen FILETS DE SOLE LÉGÈREMEMT PANÉS — PARMESAN HERB",,"[{""Product Type"":""Seafood""},{""Storage Type"":""Frozen""},{""Clearout Deal"":""No""},{""Lifestyle\/Dietary Need"":""""}]",https://i5.walmartimages.ca/images/Enlarge/311/746/6000203311746.jpg | https://i5.walmartimages.ca/images/Enlarge/311/751/6000203311751.jpg,2,Sold by Walmart,"Sole, Water, Flour (wheat, rice), Canola oil, Toasted wheat crumbs, Seasonings (yeast extract, garlic, herbs, spices, citric acid), Salt, Natural flavour (cheddar, parmesan), Modified corn starch, Sodium phosphate (to retain moisture), Sugar, Parmesan cheese. Contains: Sole (fish), Wheat, Milk.",,Add to Cart; Find in Store,0,,,
Walmart Canada,Frozen,Meatless Alternatives,walmart.ca,https://www.walmart.ca/en/ip/aqua-star-oven-ready-mustard-pretzel-wild-cod/6000197880248,,"Wild Caught Fillets, 500 g","Walmart.ca > Grocery > Frozen Food > Frozen Meat, Seafood & Alternatives > Frozen Fish & Seafood",Aquastar,Aqua Star Oven Ready Mustard Pretzel Wild Cod,SKU:6000197881449,UPC:73114937393,ID:6000197880248,Walmart Item #:30147876,$9.97,,,,$1.99/100GR,"Aqua Star brand mustard pretzel cod, made with natural hand cut skinless cod fillets.  Seasoned with pretzel crumb breading and par fried but not fully cooked, to be completed in the oven.","1. Oven Ready 
2. Wild Caught Fillets 
3. MSC Certified 
4. 6 to 8 Fillets","[{""Cut"":""Fillets""},{""Product Type"":""Seafood""},{""Storage Type"":""Frozen""},{""Clearout Deal"":""No""},{""Lifestyle\/Dietary Need"":""""}]",https://i5.walmartimages.ca/images/Enlarge/412/993/6000201412993.jpg | https://i5.walmartimages.ca/images/Enlarge/412/997/6000201412997.jpg | https://i5.walmartimages.ca/images/Enlarge/550/165/6000201550165.jpg | https://i5.walmartimages.ca/images/Enlarge/550/167/6000201550167.jpg,4,Sold by Walmart,"Cod, Wheat Flour, Water, Soybean Oil, Modified Food Starch, Pretzels (Enriched Flour [Wheat Flour, Malted barley Flour, Niacin, Reduced Iron, Thiamine Mononitrate, Riboflavin, Folic Acid], Salt, Corn Syrup, Soybean Oil, Baking Soda, Yeast), Yellow Corn Flour, Salad Mustard Powder ([Vinegar, Mustard Seed, Salt, Tumeric], Maltodextrin, Modified Corn Starch, Spice Extractive), Dijon Mustard Powder (Dijon Mustard [Vinegar, Mustard, Salt, White Wine, Citric Acid, Tartaric Acid, Spices], Maltodextrin, Modified Corn Starch, Natural Flavor), Maltodextrin, Salt, Sugar, Mustar Seed, Egg Whites, Spices, Onion Powder, Garlic Powder, Sodium Acid Pyrophosphate, Sodium Bicarbonate, Vinegar Solids, Honey, High Fructose Corn Syrup, Corn Syrup, Spice Extractive, Citric Acid, Cultured Wheat Flour, Yeast, Gum Arabic, Malic Acid, Yeast Extract, Mustard Oil, Turmeric, Natural Flavor, Clacium Stearate.  Allergen Warning: Contains fish (Cod), wheat, sog, egg ingredients.",,Add to Cart; Find in Store,3,6,,
Walmart Canada,Frozen,Meatless Alternatives,walmart.ca,https://www.walmart.ca/en/ip/our-finest-shrimp-ring/6000198557205,,907 g,"Walmart.ca > Grocery > Frozen Food > Frozen Meat, Seafood & Alternatives > Frozen Fish & Seafood",Our Finest,Our Finest Shrimp Ring,SKU:6000198557206,UPC:62891578703,ID:6000198557205,Walmart Item #:31261028,$19.97,,,,$2.2/100GR,"Notch up your next get together or party with our enticing shrimp ring! Our Finest shrimp is responsibly farmed, fully cooked and peeled for an easy to eat finger food. Serve with our deliciously mild and tangy cocktail sauce for a sure-fire hit with your guests. Our Finest premium quality ingredients and the best we have to offer, from our table to yours.",,"[{""Cut"":""Seafood""},{""Storage Type"":""Frozen""},{""Walmart Exclusive"":""Yes""},{""Clearout Deal"":""No""},{""Lifestyle\/Dietary Need"":""""}]",https://i5.walmartimages.ca/images/Enlarge/787/030/628915787030.jpg | https://i5.walmartimages.ca/images/Enlarge/30_/nft/628915787030_NFT.jpg | https://i5.walmartimages.ca/images/Enlarge/30_/nft/628915787030_NFT.jpg,3,Sold by Walmart,"Cooked shrimp (shrimp, sodium tripolyphosphate, salt), cocktail sauce (water, tomato paste, prepared horseradish [horseradish, water, vinegar, salt, soybean oil, flavour], sugar, modified tapioca starch, xanthan gum, carrageenan, salt, acetic acid, citric acid, spices, flavour, garlic powder, onion powder). Contains: shrimp. May contain: milk, eggs, fish, shellfish, soy, wheat, mustard, sulphites.",,Add to Cart; Find in Store,5,1,,
Walmart Canada,Frozen,Meatless Alternatives,walmart.ca,https://www.walmart.ca/en/ip/watson-shrimp-ball/6000198611086,,Net 227g/Pack 8oz,"Walmart.ca > Grocery > Frozen Food > Frozen Meat, Seafood & Alternatives > Frozen Fish & Seafood",Watson,Watson Shrimp Ball,SKU:6000198611087,UPC:80079430027,ID:6000198611086,Walmart Item #:31590875,$2.97,,,,$0.01/1EA,"Made from real seafood, Watson Shrimp Balls add a burst of flavour to any dish. Add to your favourite soup or noodle dish to pump up the flavour, or enjoy alone as an appetizer. Especially perfect in hotpot!
To boil/steam: boil in hot soup or steam for 10 minutes. To stir-fry: stir-fry with vegetables, seafood or noodles. To fry: defrost and fry in a shallow pan until golden brown.",,"[{""Product Type"":""Seafood""},{""Storage Type"":""Frozen""},{""Clearout Deal"":""No""},{""Lifestyle\/Dietary Need"":""""}]",https://i5.walmartimages.ca/images/Enlarge/558/772/6000202558772.jpg,1,Sold by Walmart,"Minced fish meat (Golden threadfin bream), Shrimp, Water, Modified tapioca starch, Salt, Sugar, Monosodium glutamate, Enoki mushroom extract, Egg albumen powder, Garlic, Onion, Shrimp flavor, Phosphate, Shortening (oil that has been fully hydrogenated).Contains: Fish, Shrimp, Egg.",,Add to Cart; Find in Store,0,,,
Walmart Canada,Frozen,Meatless Alternatives,walmart.ca,https://www.walmart.ca/en/ip/great-value-fully-cooked-beef-burgers/6000200980880,,2.26kg/20 x 113g/20 Burgers,"Walmart.ca > Grocery > Frozen Food > Frozen Meat, Seafood & Alternatives > Frozen Beef",Great Value,Great Value Fully Cooked Beef Burgers,SKU:6000200980881,UPC:62773501272,ID:6000200980880,Walmart Item #:30100521,$24.97,,,,,"Take the stress out of your next barbecue or family dinner with Great Value Fully Cooked Burgers, just heat and serve! Please even the pickiest eater with our juicy, easy to prepare beef burgers. With our tasty and convenient burgers, now you can spend your time enjoying the company not stressing over the meal.  It is fast quick and always done perfect every time.  At your busiest time and you forget to take out something for dinner the Great Value Fully Cooked Burger will always be a lifesaver.   So, remember, when need something fast to feed a hunger group of people, Great Value Fully Cooked Burger can’t go wrong.","- Fully Cooked
- Heat & Serve
- Value-Sized
- Made in Canada","[{""Cut"":""Burgers""},{""Product Type"":""Beef""},{""Storage Type"":""Frozen""},{""Walmart Exclusive"":""Yes""},{""Clearout Deal"":""No""},{""Lifestyle\/Dietary Need"":""No added sugars""}]",https://i5.walmartimages.ca/images/Enlarge/548/146/6000201548146.jpg | https://i5.walmartimages.ca/images/Enlarge/548/145/6000201548145.jpg | https://i5.walmartimages.ca/images/Enlarge/016/454/6000201016454.jpg,3,Sold by Walmart,"Beef. Water, Textured soy protein, Toasted wheat crumbs, Salt, Dehydrated onion, Spices, Dehydrated garlic, Grill flavour (sunflower oil, smoke flavour). Contains: Soy, Wheat, Sulphites. May contain: Sesame, Milk, Eggs, Mustard.",No added sugars,Add to Cart; Find in Store,3.8,10,,
Walmart Canada,Frozen,Pizzas,walmart.ca,https://www.walmart.ca/en/ip/pillsbury-crispy-crust-pepperoni-pizza/6000191367820,,289 g,Walmart.ca > Grocery > Frozen Food > Frozen Pizza,Pillsbury,Pillsbury Crispy Crust Pepperoni Pizza,SKU:6000191367821,UPC:6970044876,ID:6000191367820,Walmart Item #:30993171,$1.98,,,,$0.69/100GR,Topped with pizza goodness for a serious way to satisfy your pizza craving! Individually packaged for a quick microwaveable office snack or baked in the oven for a crispy cafeteria treat!,"• Easy to make in the toaster oven – crisp and golden! 
• Fun for the whole family to make! 
• Customise your pizza with extra toppings!
• Forget takeout pizza – enjoy the joy of homemade pizza! 
• Want more pizza goodness? Also try our line of Pizza Pops!","[{""Product Type"":""Pepperoni""},{""Storage Type"":""Frozen""},{""Clearout Deal"":""No""},{""Lifestyle\/Dietary Need"":""No egg,No fish,No sesame,No shellfish,No sulfite,No artificials""}]",https://i5.walmartimages.ca/images/Enlarge/448/765/999999-69700448765.jpg | https://i5.walmartimages.ca/images/Enlarge/197/311/6000199197311.jpg | https://i5.walmartimages.ca/images/Enlarge/376/754/6000201376754.jpg,3,Sold by Walmart,"ENRICHED WHEAT FLOUR, WATER, PART SKIM MOZZARELLA CHEESE (MILK INGREDIENTS, BACTERIAL CULTURES, SALT, MICROBIAL ENZYMES), TOMATO SAUCE (WATER, CONCENTRATED TOMATO PASTE), COOKED PEPPERONI, HIGH MONOUNSATURATED CANOLA OIL, SUGAR, MODIFIED CORN STARCH, SALT, DRY YEAST PREPARATION, DEFATTED SOY FLOUR, DEXTROSE, SPICES, MONOCALCIUM PHOSPHATE, BAKING SODA, CITRIC ACID, BEET POWDER, MALIC ACID, XANTHAN GUM, MALTODEXTRIN, NATURAL FLAVOUR, CORN STARCH. CONTAINS WHEAT, MILK AND SOY; MAY CONTAIN MUSTARD INGREDIENTS.","No egg,No fish,No sesame,No shellfish,No sulfite,No artificials",Add to Cart; Find in Store,5,2,,
Walmart Canada,Frozen,Pizzas,walmart.ca,https://www.walmart.ca/en/ip/dr-oetker-casa-di-mama-bacon-pizza/6000197072590,,405 g,Walmart.ca > Grocery > Frozen Food > Frozen Pizza,Dr.Oetker,Dr. Oetker Casa di Mama Bacon Pizza,SKU:6000197072591,UPC:5833674550,ID:6000197072590,Walmart Item #:31084217,$4.98,,,,$1.23/100GR,"Casa Di Mama… Homemade pizza taste just like Mama used to make!
Dr. Oetker Casa Di Mama Bacon Pizza is topped with our tomato pizzeria style sauce with tender stripes of bacon, slices of red onion and green onion and the perfect blend of edam and mozzarella cheese.

Cooking Instructions: 
1. Ensure oven rack is in the middle position. Preheat oven to 450oF (230oC). Keep pizza frozen until ready to bake.
2. Remove pizza from packaging
3. Loosen the baking parchment and lift off together with the pizza from the cardboard
4. Place the pizza with parchment on a dark or non-shiny pizza pan
5. Bake for 14-16 minutes and until cheese is melted and crust is golden brown. 

NOTE: Individual oven cooking times may vary. CAUTION: Pizza will be very hot",Made in Canada,"[{""Product Type"":""Meat""},{""Storage Type"":""Frozen""},{""Clearout Deal"":""No""},{""Lifestyle\/Dietary Need"":""No egg,No fish,No sesame,No shellfish,No sulfite,No artificials""}]",https://i5.walmartimages.ca/images/Enlarge/745/508/999999-58336745508.jpg,1,Sold by Walmart,"Crust ENRICHED WHEAT FLOUR, WATER, YEAST, MODIFIED PALM OIL, SALT, SUGAR, BARLEY MALT EXTRACT, MONOCALCIUM PHOSPHATE, BAKING SODA, ACETYLATED TARTARIC ACID ESTERS OF MONO AND DIGLYCERIDES, DICALCIUM PHOSPHATE, GUAR GUM, HYDROGENATED CANOLA OIL, CANOLA OIL, CALCIUM CITRATE, ASCORBIC ACID, PENTOSANASE, AMYLASE. Sauce TOMATO PUREE, WATER, SUGAR, OLIVE OIL, SALT, SPICES, MODIFIED CORN STARCH, GARLIC POWDER, SOYA OIL. Toppings BACON (PORK, WATER, SALT, SODIUM PHOSPHATE, SPICE EXTRACT, SODIUM ERYTHORBATE, SODIUM NITRITE, SMOKE), RED ONIONS, GREEN ONIONS, HERBS. Cheeses EDAM AND MOZZARELLA CHEESE (MILK, BACTERIAL CULTURE, SALT, MICROBIAL ENZYME, CALCIUM CHLORIDE). CONTAINS: WHEAT, BARLEY, MILK","No egg,No fish,No sesame,No shellfish,No sulfite,No artificials",Add to Cart; Find in Store,2.3,3,,
Walmart Canada,Frozen,Pizzas,walmart.ca,https://www.walmart.ca/en/ip/great-value-rising-crust-deluxe-pizza/6000199765416,,703 g,Walmart.ca > Grocery > Frozen Food > Frozen Pizza,Great Value,Great Value Rising Crust Deluxe Pizza,SKU:6000199765417,UPC:62891582902,ID:6000199765416,Walmart Item #:30041408,$3.97,,,,$0.56/100GR,"Delicious flavour is baked into every slice of Great Value Rising Crust Deluxe Pizza. Easy to prepare and made to enjoy, this rising crust pizza is topped with an incredible combination of toppings that include an Italian-style tomato sauce, mozzarella cheese, pepperoni, Italian-style sausage, red & green bell peppers, onions and black olives. Pizza night has never been so easy!","• Mozzarella cheese, pepperoni, italian-style sausage, red & green bell peppers, onions & black olives
• Cook time: 20 minutes
• Made in Canada from domestic and imported ingredients
• Free from artificial flavours and colours","[{""Product Type"":""Deluxe""},{""Storage Type"":""Frozen""},{""Walmart Exclusive"":""Yes""},{""Clearout Deal"":""No""},{""Lifestyle\/Dietary Need"":""No artificials""}]",https://i5.walmartimages.ca/images/Enlarge/800/316/6000199800316.jpg | https://i5.walmartimages.ca/images/Enlarge/902/0_1/628915829020_1.jpg | https://i5.walmartimages.ca/images/Enlarge/20_/nft/628915829020_NFT.jpg,3,Sold by Walmart,"Crust: enriched wheat flour, water, sugar, yeast, soybean oil, corn meal, salt, baking soda, sodium aluminium phosphate, dough conditioners (wheat flour, dextrose, acetyl tartaric acid esters of mono- and diglycerides, soybean oil, ascorbic acid, enzymes, l-cysteine). Toppings: mozzarella cheese (part skim milk, bacterial culture, salt, calcium chloride, microbial enzyme), pepperoni (pork, beef, salt, dextrose, lactic acid starter culture, mustard, spice extractives, sodium erythorbate, natural smoke flavour, dehydrated garlic, sodium nitrite, citric acid), sausage (pork, spice, water, salt, dextrose, sodium phosphate, sugar, garlic powder), red and green bell peppers, onions, black olives (black olives, water, salt, ferrous gluconate). Sauce: (water, tomato paste, tomato purée, extra virgin olive oil, sugar, spice, salt, garlic, parsley, basil, modified corn starch), powdered cellulose. Contains: milk, soy, wheat, mustard.",No artificials,Add to Cart; Find in Store,3,5,,
Walmart Canada,Frozen,Meatless Alternatives,walmart.ca,https://www.walmart.ca/en/ip/gardein-porkless-bites-sweet-sour/6000198331771,,255g,"Walmart.ca > Grocery > Frozen Food > Frozen Meat, Seafood & Alternatives > Frozen Plant-based Proteins",Gardein,Gardein Porkless Bites Sweet & Sour,SKU:6000198331772,UPC:84223400322,ID:6000198331771,Walmart Item #:30442604,$5.27,,,,,Gardein Porkless Bites.  Ready in 9 minutes!  Made with plant protein.  Good source of protein.  Non GMO product.,,"[{""Storage Type"":""Frozen""},{""Product Type"":""Other""},{""Lifestyle and Dietary Claims"":""11""},{""Batteries Included"":""N""},{""Clearout Deal"":""No""},{""Lifestyle\/Dietary Need"":""No egg,No fish,No milk,No sesame,No shellfish,No lactose,No artificials,Kosher,Vegan-friendly,Vegetarian-friendly""}]",https://i5.walmartimages.com/asr/17385341-a20f-4997-913b-f38fe9c06d4f.3c303d29a7b32dafe08b1efb477d61be.jpeg?odnHeight=2000&odnWidth=2000&odnBg=ffffff | https://i5.walmartimages.com/asr/97148d9f-32e4-4d7a-891b-8de76161bb19.1cc948676be920fda8e272dbf7eda315.jpeg?odnHeight=2000&odnWidth=2000&odnBg=ffffff,2,Sold by Walmart,"water, cane sugar, wheat gluten, soy protein isolate, enriched flour, distilled vinegar, pineapple concentrate (pineapple juice concentrate, water, natural flavour, ascorbic acid), canola oil, concentrated tomato paste, yeast extract, tamari soy sauce (water, soybeans, salt, sugar), methylcellulose, garlic powder, salt, rice flour, onion powder, natural flavours, tamarind extract, dipotassium phosphate, tomato powder, maltodextrin, dehydrated garlic, seasoning, spices, red miso (soybeans, rice koji, sea salt, water, koji spores), sea salt, malt extract (malted barley, water), cornstarch, carrageenan, sugar, red chili flakes, dehydrated onion, baking powder, xanthan gum, pea protein, vitamins and minerals (tapioca maltodextrin, magnesium oxide, ferric orthophosphate, niacinamide, zinc oxide, vitamin b12, calcium pantothenate, pyridoxine hydrochloride, thiamine hydrochloride, riboflavin, copper gluconate). Contains: soy, wheat and barley.","No egg,No fish,No milk,No sesame,No shellfish,No lactose,No artificials,Kosher,Vegan-friendly,Vegetarian-friendly",Add to Cart; Find in Store,4.2,6,,
Walmart Canada,Drinks,Coffee,walmart.ca,https://www.walmart.ca/en/ip/nescaf-gold-espresso-instant-coffee-200-g/6000203779414,,,Walmart.ca > Household Supplies & Pantry > Drinks > Coffee > Instant Coffee,NESCAFÉ,"NESCAFÉ Gold Espresso, Instant Coffee 200 g",SKU:6000203779415,UPC:5500054122,ID:6000203779414,Walmart Item #:30199130,$12.97,,,,$1297/100GR,"Discover how delicious quality instant coffee can be with NESCAFÉ Gold Espresso, Instant Coffee (200 g). Made with a smooth blend of Arabica coffee and a velvety layer of coffee crema, each scoop brews a robust and flavourful coffee that'll exceed all your expectations. Made with premium, hand-picked Arabica beans, you can easily customize the strength and flavour to your own tastes, instantly. It's also versatile - brew an intense espresso, or a delicate cup of Americano. All it takes is a scoop and a stir and you're enjoying an instant, premium cup of coffee that'll awaken your day.","• Instant coffee made from a smooth blend of Arabica coffee, with a velvety layer of coffee crema
• Made with only premium, hand-picked Arabica beans
• Guaranteed to exceed all your expectations when it comes to instant coffee
• Just scoop, stir, and enjoy! It's easy to experiment and customize into your own perfect cup
• Perfect for making an intense espresso, or a delicate cup of Americano","[{""Product Type"":""Instant""},{""Decaffeinated"":""No""},{""Storage Type"":""Shelf""},{""Clearout Deal"":""No""},{""Lifestyle\/Dietary Need"":""""}]",https://i5.walmartimages.ca/images/Enlarge/165/993/6000204165993.jpg | https://i5.walmartimages.ca/images/Enlarge/165/995/6000204165995.jpg | https://i5.walmartimages.ca/images/Enlarge/165/992/6000204165992.jpg | https://i5.walmartimages.ca/images/Enlarge/165/994/6000204165994.jpg,4,Sold by Walmart,Instant Coffee.,,Add to Cart; Find in Store,0,,,
Walmart Canada,Frozen,Pizzas,walmart.ca,https://www.walmart.ca/en/ip/dr-oetker-giuseppe-pizzeria-thin-crust-canadian-pizza/6000194425219,,501 g,Walmart.ca > Grocery > Frozen Food > Frozen Pizza,Dr.Oetker,Dr. Oetker Giuseppe Pizzeria Thin Crust Canadian Pizza,SKU:6000194425220,UPC:5833635010,ID:6000194425219,Walmart Item #:31164897,$5.97,,,,$1.19/100GR,"Giuseppe Pizzeria Thin Crust Canadian Pizza is topped with mouthwatering pepperoni, Italian sausage, cheddar cheese and bacon.",,"[{""Product Type"":""Canadian""},{""Storage Type"":""Frozen""},{""Lifestyle\/Dietary Need"":""No egg,No fish,No sesame,No shellfish,No sulfite""}]",https://i5.walmartimages.ca/images/Enlarge/759/758/6000199759758.jpg,1,Sold by Walmart,"CRUST : ENRICHED WHEAT FLOUR, WATER, WHEAT GLUTEN, SOYA AND/OR CANOLA OIL, YEAST, VEGETABLE OIL SHORTENING (PALM, SOYA, COTTONSEED AND CANOLA OIL), SUGAR, BAKING POWDER, SOY LECITHIN, SALT, NATURAL FLAVOUR SAUCE: WATER, TOMATO PUREE, TOMATO PASTE, SUGAR, CORN STARCH, SALT, SPICES (MUSTARD) AND HERBS, GARLIC POWDER, ONION POWDER CHEESES: MOZZARELLA AND CANADIAN CHEDDAR (MILK INGREDIENTS, MODIFIED MILK INGREDIENTS, BACTERIAL CULTURE, SALT, CALCIUM CHLORIDE, MICROBIAL ENZYME, COLOUR), CORN STARCH TOPPINGS: PEPPERONI (PORK AND/OR BEEF, WATER, SALT, SPICES (MUSTARD), SUGAR, SMOKE FLAVOUR, SODIUM ERYTHORBATE, GARLIC POWDER, BACTERIAL CULTURE, SODIUM NITRITE), ITALIAN SAUSAGE (PORK, WATER, TEXTURED SOY PROTEIN, SEASONING (SPICES, SUGAR), SALT, NATURAL FLAVOURS), BACON (PORK, WATER, SEA SALT, CANE SUGAR, CULTURED CELERY EXTRACT*, FLAVOUR, SMOKE) CONTAINS: WHEAT, MILK, SOY, MUSTARD.*CULTURED CELERY EXTRACT CONTAINS NATURALLY OCCURRING NITRITES","No egg,No fish,No sesame,No shellfish,No sulfite",Add to Cart; Find in Store,0,,,
Walmart Canada,Frozen,Pizzas,walmart.ca,https://www.walmart.ca/en/ip/gluten-free-thin-crust-pepperoni-pizza/6000201903436,,522G,Walmart.ca > Grocery > Frozen Food > Frozen Pizza,Udi's,Gluten Free Thin Crust Pepperoni Pizza,SKU:6000201903437,UPC:69899781050,ID:6000201903436,Walmart Item #:30923039,$13.97,,,,$2.68/100GR,"Our robust, tasty Pepperoni Pizza starts with our savoury sauce of tomatoes, oil, spices, and garlic, spread over a baked-to-perfection thin and crispy gluten free crust. We top it off with a blend of mozzarella, white cheddar, and parmesan cheeses and a layer of pepperoni for a satisfying and delicious slice every time.","- No artificial colours or flavours
- No wheat or soy ingredients
- Excellent source of calcium","[{""Storage Type"":""Frozen""},{""Product Type"":""Pepperoni""},{""Batteries Included"":""N""},{""Features"":""- No artificial colours or flavours<br>- No wheat or soy ingredients<br>- Excellent source of calcium""},{""Clearout Deal"":""No""},{""Lifestyle\/Dietary Need"":""""}]",https://i5.walmartimages.com/asr/f0c75d9a-3f33-4687-864c-dd6d805f2dea.de24f8ee2ee8e353312391b14c7da7d6.jpeg?odnHeight=2000&odnWidth=2000&odnBg=ffffff | https://i5.walmartimages.com/asr/f3681bb7-9d38-47bd-9b43-dc9bd0ffc41d.a0d56667c13c7ccc9d32c2e7960e9784.jpeg?odnHeight=2000&odnWidth=2000&odnBg=ffffff | https://i5.walmartimages.com/asr/05f8ee0a-e9d0-4823-b8af-a95388520a80.b2b09a5eb2d62a8f0d00da904fb41f55.jpeg?odnHeight=2000&odnWidth=2000&odnBg=ffffff | https://i5.walmartimages.com/asr/f8f8a597-634f-41ac-bab5-ba635f08c2eb.39146017c4a0134fbb9091ef9faafe3e.jpeg?odnHeight=2000&odnWidth=2000&odnBg=ffffff | https://i5.walmartimages.com/asr/f68538e7-5179-4327-9893-b1aae2eb27b9.0346dd8921cfcfaf394baef32702da34.jpeg?odnHeight=2000&odnWidth=2000&odnBg=ffffff,5,Sold by Walmart,Pizza crust (water,,Add to Cart; Find in Store,0,,,
Walmart Canada,Frozen,Pizzas,walmart.ca,https://www.walmart.ca/en/ip/great-value-thin-crust-mushroom-and-garlic-pizza/6000199206838,,376 g,Walmart.ca > Grocery > Frozen Food > Frozen Pizza,Great Value,Great Value Thin Crust Mushroom and Garlic Pizza,SKU:6000199206839,UPC:62891582898,ID:6000199206838,Walmart Item #:30747878,$3.27,,,,$327/100GR,"No matter how you slice it, Great Value Thin Crust Mushroom and Garlic Pizza delivers outstanding flavour and incredible quality in every box. Enjoy every delicious bite of this thin crust pizza topped with tomato sauce, mozzarella and parmesan cheeses, mushrooms, garlic and a hint of truffle oil. Pizza night has never been so easy!","• Made with mozzarella & parmesan cheeses, mushrooms, garlic & truffle oil
• Cook time: 13 minutes
• Made in Canada from domestic and imported ingredients
• Free from artificial flavours and colours","[{""Product Type"":""Vegetarian""},{""Storage Type"":""Frozen""},{""Walmart Exclusive"":""Yes""},{""Lifestyle\/Dietary Need"":""""}]",https://i5.walmartimages.ca/images/Enlarge/794/950/6000199794950.jpg | https://i5.walmartimages.ca/images/Enlarge/898/6_1/628915828986_1.jpg | https://i5.walmartimages.ca/images/Enlarge/86_/nft/628915828986_NFT.jpg,3,Sold by Walmart,"Crust: enriched wheat flour, water, canola oil, yeast, sugar, salt, guar gum. Toppings: mushrooms, mozzarella cheese (part skim milk, modified milk ingredients, bacterial culture, salt, calcium chloride, microbial enzyme), parmesan cheese (milk, bacterial culture, salt, lipase, calcium chloride, microbial enzyme, powdered cellulose),Garlic. Sauce: water, crushed tomatoes, extra virgin olive oil, sugar, truffle oil (extra virgin olive oil, flavour), salt, garlic powder, vinegar, spice, onion powder.Contains: milk, wheat. May contain: eggs, soy, mustard.",,Add to Cart; Find in Store,4,1,,
Walmart Canada,Frozen,Meatless Alternatives,walmart.ca,https://www.walmart.ca/en/ip/jumbo-shrimp-ring/6000200240826,,1.13 kg,"Walmart.ca > Grocery > Frozen Food > Frozen Meat, Seafood & Alternatives > Frozen Fish & Seafood",Our Finest,Jumbo Shrimp Ring,SKU:6000200240827,UPC:68113134094,ID:6000200240826,Walmart Item #:30323398,$24.97,,,,,Our Finest Jumbo Shrimp Ring has a minimum of 42 Shrimp per ring and includes a delicious mild cocktail sauce.  Just thaw and serve to your guests - perfect for easy entertaining.  BAP Certified.,"• Shrimp ring with mild cocktail sauce
• 42 minimum
• Peeled
• Keep frozen
• Fully cooked
• 907 g (shrimp) + 227 g (sauce)","[{""Cut"":""Seafood""},{""Storage Type"":""Frozen""},{""Walmart Exclusive"":""Yes""},{""Clearout Deal"":""No""},{""Lifestyle\/Dietary Need"":""""}]",https://i5.walmartimages.ca/images/Enlarge/340/946/681131340946.jpg | https://i5.walmartimages.ca/images/Enlarge/46_/nft/681131340946_NFT.jpg | https://i5.walmartimages.ca/images/Enlarge/46_/nft/681131340946_NFT.jpg,3,Sold by Walmart,"Cooked shrimp (shrimp, sodium, tripolyphosphate, salt), Cocktail sauce (water, tomato paste, prepared horseradish [horseradish, water, vinegar, salt, soybean oil, flavour], sugar, modified tapioca starch, xanthan gum, carrageenan, salt, acetic acid, citric acid, spices, flavour, garlic powder, onion powder).",,Add to Cart; Find in Store,5,1,,
Walmart Canada,Drinks,Coffee,walmart.ca,https://www.walmart.ca/en/ip/maxwell-house-original-roast-ground-coffee/6000016951078,,925g,Walmart.ca > Household Supplies & Pantry > Drinks > Coffee > Ground Coffee,Maxwell House,Maxwell House Original Roast Ground Coffee,SKU:206807,UPC:6618805092,ID:6000016951078,Walmart Item #:9262469,$6.97,,,,$0.75/100GR,"925 Gram Tin of Roast and Ground Coffee. 100% Pure Ground Coffee. Maxwell House coffee is good to the last drop. Available in one grind, for all coffee makers. Tin is recyclable where facilities exist.","•100% Pure Ground Coffee
•Good to the last drop
•Available in one grind, for all coffee makers
•Container recyclable where facilities exist
•Perfectly roasted for a smooth, balanced taste","[{""Flavour"":""Other""},{""Product Type"":""Ground""},{""Decaffeinated"":""No""},{""Singleserve"":""No""},{""Storage Type"":""Shelf""},{""Clearout Deal"":""No""},{""Lifestyle\/Dietary Need"":""No egg,No fish,No milk,No mustard,No sesame,No shellfish,No soy,No sulfite,No wheat,No lactose,No artificials,Kosher,No added sugars,Paleo-friendly,Vegan-friendly,Vegetarian-friendly,Whole30-friendly""}]",https://i5.walmartimages.ca/images/Enlarge/050/923/999999-00066188050923.jpg | https://i5.walmartimages.ca/images/Enlarge/631/815/6000201631815.jpg | https://i5.walmartimages.ca/images/Enlarge/602/281/6000202602281.jpg | https://i5.walmartimages.ca/images/Enlarge/631/824/6000201631824.jpg | https://i5.walmartimages.ca/images/Enlarge/451/764/6000202451764.jpg,5,Sold by Walmart,INGREDIENT: 100 % PURE GROUND COFFEE.,"No egg,No fish,No milk,No mustard,No sesame,No shellfish,No soy,No sulfite,No wheat,No lactose,No artificials,Kosher,No added sugars,Paleo-friendly,Vegan-friendly,Vegetarian-friendly,Whole30-friendly",Add to Cart; Find in Store,4.2,104,,5
Walmart Canada,Frozen,Pizzas,walmart.ca,https://www.walmart.ca/en/ip/dr-oetker-giuseppe-pizzeria-rising-crust-hawaiian-pizza/6000198536580,,730 g,Walmart.ca > Grocery > Frozen Food > Frozen Pizza,Dr.Oetker,Dr. Oetker Giuseppe Pizzeria Rising Crust Hawaiian Pizza,SKU:6000198536581,UPC:5833625011,ID:6000198536580,Walmart Item #:30539402,$5.97,,,,$597/100GR,"Dr. Oetker Giuseppe Pizzeria Rising Crust Hawaiian is made with real pizzeria inspired tomato sauce and mozzarella, and topped with ham and pineapple.
• Made with mozzarella cheese
• Topped with ham and pineapple
• Cook Time: 20-23 minutes 
• Made in Canada from domestic and imported ingredients",Made in Canada,"[{""Product Type"":""Hawaiian""},{""Storage Type"":""Frozen""},{""Clearout Deal"":""No""},{""Lifestyle\/Dietary Need"":""No egg,No fish,No sesame,No shellfish,No sulfite,No artificials""}]",https://i5.walmartimages.ca/images/Enlarge/063/379/6000200063379.jpg,1,Sold by Walmart,"CRUST: ENRICHED WHEAT FLOUR, WATER, YEAST, MODIFIED PALM OIL, WHEAT GLUTEN, SUGAR, SALT, MONOCALCIUM PHOSPHATE, BARLEY MALT EXTRACT, BAKING SODA, ACETYLATED TARTARIC ACID ESTERS OF MONO AND DIGLYCERIDES, DICALCIUM PHOSPHATE, GUAR GUM, HYDROGENATED CANOLA OIL, CANOLA OIL, CALCIUM CITRATE, ASCORBIC ACID, PENTOSANASE, AMYLASE SAUCE: TOMATO PUREE, WATER, SUGAR, SOYA OIL, CORN STARCH, SALT, SPICES, GARLIC POWDER, ONION POWDER, HERBS TOPPINGS: PINEAPPLES, COOKED HAM (PORK, WATER, SALT, SUGAR, SODIUM LACTATE, SODIUM PHOSPHATES, SODIUM DIACETATE, SODIUM ERYTHORBATE, SODIUM NITRITE) CHEESE: MOZZARELLA CHEESE (MILK, BACTERIAL CULTURE, SALT, MICROBIAL ENZYME, CALCIUM CHLORIDE) CONTAINS: WHEAT, BARLEY, MILK","No egg,No fish,No sesame,No shellfish,No sulfite,No artificials",Add to Cart; Find in Store,0,,,
Walmart Canada,Frozen,Pizzas,walmart.ca,https://www.walmart.ca/en/ip/great-value-3-cheese-pizza-stuffs/6000200016729,,"8 pizza snacks, 800 g",Walmart.ca > Grocery > Frozen Food > Frozen Pizza,Great Value,Great Value 3 Cheese Pizza Stuffs,SKU:6000200016730,UPC:62891582952,ID:6000200016729,Walmart Item #:30412912,$4.28,,,,$0.54/100GR,"When pizza cravings strike, grab Great ValueTM 3 Cheese Pizza Stuffs.They’re an incredibly quick and easy way to enjoy all the taste of pizza without all the waiting. Handheld and hearty, each snack features an ooey-gooey blend of white cheddar, Parmesan and partly skimmed mozzarella cheeses. Simply pop them in the microwave and crush that craving in only minutes!","• Cook thoroughly - Cook time - 75 sec.
• Keep frozen
• Free from artificial flavours and colours","[{""Product Type"":""Cheese""},{""Singleserve"":""No""},{""Storage Type"":""Frozen""},{""Walmart Exclusive"":""Yes""},{""Clearout Deal"":""No""},{""Lifestyle\/Dietary Need"":""No artificials""}]",https://i5.walmartimages.ca/images/Enlarge/25_/eng/628915829525_ENG.jpg | https://i5.walmartimages.ca/images/Enlarge/5_1/_en/628915829525_1_EN.jpg | https://i5.walmartimages.ca/images/Enlarge/5_1/_fr/628915829525_1_FR.jpg | https://i5.walmartimages.ca/images/Enlarge/ing/_en/628915829525_ING_EN.jpg | https://i5.walmartimages.ca/images/Enlarge/ing/_fr/628915829525_ING_FR.jpg | https://i5.walmartimages.ca/images/Enlarge/25_/nft/628915829525_NFT.jpg | https://i5.walmartimages.ca/images/Enlarge/nft/_fr/628915829525_NFT_FR.jpg,7,Sold by Walmart,"Enriched wheat flour, water, tomato paste, canola oil, potatoes, cheddar cheese, parmesan cheese, palm oil, casein, modified potato starch, skim milk powder, baking powder, partly skimmed mozzarella cheese, sugar, dextrose, salt, soy lecithin, potassium phosphate, sodium aluminium phosphate, garlic powder, lactic acid, natural flavour, xanthan gum, onion powder, dried oregano, colour, sorbic acid, spices, corn starch, potato starch, cellulose, glucose oxidase, dehydrated parsley, calcium sulphate, spice extractives, garlic, enzymes, tricalcium phosphate. Contains: milk, soy, wheat.",No artificials,Add to Cart; Find in Store,2.3,4,,
Walmart Canada,Frozen,Meatless Alternatives,walmart.ca,https://www.walmart.ca/en/ip/baguio-hot-sweet-longanisa/6000196903458,,375 g,"Walmart.ca > Grocery > Frozen Food > Frozen Meat, Seafood & Alternatives > Frozen Pork",Baguio,Baguio Hot Sweet Longanisa,SKU:6000196903459,UPC:77431069240,ID:6000196903458,Walmart Item #:31354805,$3.38,,,,$0.9/100GR,Cured Sausage Hot,,"[{""Cut"":""Other""},{""Storage Type"":""Frozen""},{""International Foods"":""Filipino""},{""Clearout Deal"":""No""},{""Lifestyle\/Dietary Need"":""N\/A""}]",https://i5.walmartimages.ca/images/Enlarge/692/407/999999-774310692407.jpg,1,Sold by Walmart,"Pork, sugar, water, spices, monosodium glutamate, seasoning, sodium nitrete, sodium erythorbate, yeast extract, allora red, sunset yellow.",N/A,Add to Cart; Find in Store,0,,,
Walmart Canada,Frozen,Meatless Alternatives,walmart.ca,https://www.walmart.ca/en/ip/scallops/6000202289673,,"30/40 count per pound, 800gr","Walmart.ca > Grocery > Frozen Food > Frozen Meat, Seafood & Alternatives > Frozen Fish & Seafood",Aquastar,Scallops,SKU:6000202289674,UPC:73114943048,ID:6000202289673,Walmart Item #:31057804,$14.97,,,,,Ready to cook Scallops,"- 30/40 Count per pound
- Ready to cook
- 800/gr","[{""Product Type"":""Seafood""},{""Singleserve"":""No""},{""Storage Type"":""Frozen""},{""Clearout Deal"":""No""},{""Lifestyle\/Dietary Need"":""""}]",https://i5.walmartimages.ca/images/Enlarge/320/612/6000203320612.jpg | https://i5.walmartimages.ca/images/Enlarge/659/327/6000202659327.jpg | https://i5.walmartimages.ca/images/Enlarge/659/342/6000202659342.jpg,3,Sold by Walmart,Scallops,,Add to Cart; Find in Store,0,,,
Walmart Canada,Frozen,Meatless Alternatives,walmart.ca,https://www.walmart.ca/en/ip/black-river-fully-cooked-cattlemans-burgers/6000201287717,,,"Walmart.ca > Grocery > Frozen Food > Frozen Meat, Seafood & Alternatives > Frozen Beef",Black River,Black River Fully Cooked Cattleman's Burgers,SKU:6000201287718,UPC:62891582646,ID:6000201287717,Walmart Item #:30611328,$10,,,,$1.18/100GR,Black River brings you great homestyle taste.  These frozen burgers come 10 to a box. They're quick frozen and vacuum packed to guarantee freshness.  They're ready to heat and serve for a delicious meal in minutes.,"•10 burgers per box
•Fully cooked, seasoned
•Vacuum packed in pairs and frozen to ensure freshness","[{""Cut"":""Burgers""},{""Product Type"":""Beef""},{""Singleserve"":""No""},{""Storage Type"":""Frozen""},{""Clearout Deal"":""No""},{""Lifestyle\/Dietary Need"":""""}]",https://i5.walmartimages.ca/images/Enlarge/031/376/6000204031376.jpg | https://i5.walmartimages.ca/images/Enlarge/039/418/6000204039418.jpg,2,Sold by Walmart,"Beef, chicken, water, toasted wheat crumbs, seasoning (dehydrated onion, dehydrated garlic, spices, natural flavour), seasoning (natural flavour, salt, beef fat), malt extract (barley), sodium phosphates, salt, flavour.  May contain soy.",,Add to Cart; Find in Store,0,,,
Walmart Canada,Frozen,Meatless Alternatives,walmart.ca,https://www.walmart.ca/en/ip/high-liner-pan-sear-selects-garlic-herb-butterflied-shrimp/6000203058299,,,"Walmart.ca > Grocery > Frozen Food > Frozen Meat, Seafood & Alternatives > Frozen Fish & Seafood",High Liner,High Liner Pan-Sear SELECTS - Garlic & Herb Butterflied Shrimp,SKU:6000203058300,UPC:6176308393,ID:6000203058299,Walmart Item #:30764755,$12.97,,,,$2.86/100GR,"High Liner Pan-Sear SELECTS - Aqua. Invert. Unprocessed, Frozen - Garlic & Herb Butterflied Shrimp",,"[{""Product Type"":""Seafood""},{""Storage Type"":""Frozen""},{""Clearout Deal"":""No""},{""Lifestyle\/Dietary Need"":""""}]",https://i5.walmartimages.ca/images/Enlarge/311/668/6000203311668.jpg | https://i5.walmartimages.ca/images/Enlarge/311/672/6000203311672.jpg | https://i5.walmartimages.ca/images/Enlarge/311/675/6000203311675.jpg,3,Sold by Walmart,"Shrimp, Toasted wheat crumbs, Water, Rice bread crumbs, Soybean oil, Modified corn starch, Seasonings (garlic, spices, disodium inosinate, disodium guanylate, green onion, chives, parsley), Sugars (corn maltodextrin, sugar), Sodium phosphate (to retain moisture), Salt, Natural flavour. Contains: Shrimp (crustaceans), Wheat, Soy.",,Add to Cart; Find in Store,0,,,
Walmart Canada,Frozen,Meatless Alternatives,walmart.ca,https://www.walmart.ca/en/ip/new-zealand-spring-lamb-shoulder-chops/6000196072936,,"Shoulder chops cut 1/2"" thick","Walmart.ca > Grocery > Frozen Food > Frozen Meat, Seafood & Alternatives > Frozen Beef",New Zealand Spring Lamb,New Zealand Spring Lamb Shoulder Chops,SKU:6000196072937,UPC:60538876555,ID:6000196072936,Walmart Item #:9315807,$29.97,,,,$0.03/1GR,"New Zealand Spring Lamb provides you with the premium quality product raised in free roaming conditions of beautiful New Zealand.  All of our lambs are Grass Fed, Raised Without Antibiotics or Added Hormones.  Enjoy the tender and delicious taste of New Zealand Spring Lamb!",,"[{""Product Type"":""Other""},{""Cut"":""Other""},{""Storage Type"":""Frozen""},{""Clearout Deal"":""No""},{""Lifestyle\/Dietary Need"":""Halal""}]",https://i5.walmartimages.ca/images/Enlarge/513/967/6000200513967.jpg,1,Sold by Walmart,Lamb,Halal,Add to Cart; Find in Store,3.7,3,,
Walmart Canada,Frozen,Pizzas,walmart.ca,https://www.walmart.ca/en/ip/pillsbury-pizza-pops-franks-redhot-pepperoni-bacon-special-edition-pizza-snacks/6000196713017,,400 g,Walmart.ca > Grocery > Frozen Food > Frozen Pizza,Pillsbury,Pillsbury Pizza Pops Frank's RedHot Pepperoni + Bacon Special Edition Pizza Snacks,SKU:6000196713018,UPC:6905247766,ID:6000196713017,Walmart Item #:30222308,$2.64,,,,$0.66/100GR,Packed with pizza goodness for a serious way to satisfy everyone’s pizza craving! Individually packaged for a quick microwaveable office snack or baked in the oven for a crispy cafeteria treat!,"• The perfect after-school snack for kids!
• Canada’s Best Selling Pizza Snack!
• Try all 7 great flavours to meet all your pizza cravings
• Try our Crispy Crust for a bigger pizza meal!
• Box contains: 4 pizza snacks","[{""Product Type"":""Pepperoni""},{""Storage Type"":""Frozen""},{""Clearout Deal"":""No""},{""Lifestyle\/Dietary Need"":""No egg,No fish,No sesame,No shellfish,No sulfite""}]",https://i5.walmartimages.ca/images/Enlarge/728/081/6000196728081.jpg | https://i5.walmartimages.ca/images/Enlarge/801/253/6000198801253.jpg | https://i5.walmartimages.ca/images/Enlarge/801/291/6000198801291.jpg | https://i5.walmartimages.ca/images/Enlarge/801/277/6000198801277.jpg | https://i5.walmartimages.ca/images/Enlarge/801/272/6000198801272.jpg | https://i5.walmartimages.ca/images/Enlarge/728/078/6000196728078.jpg | https://i5.walmartimages.ca/images/Enlarge/251/000/6000204251000.jpg,7,Sold by Walmart,"ENRICHED WHEAT FLOUR, WATER, ROASTED POTATOES, CANOLA OIL, WHITE CHEDDAR CHEESE, SUGAR, MODIFIED CORN STARCH, SALT, DEXTROSE, DRIED ONION, MILK INGREDIENTS, AUTOLYZED YEAST EXTRACT, CHICKEN FAT, SODIUM STEAROYL-2-LACTYLATE, METHYLCELLULOSE, BAKING SODA, TOMATO POWDER, SODIUM ALUMINUM PHOSPHATE, HYDROLYZED CORN PROTEIN, DRIED GARLIC, MONOSODIUM GLUTAMATE, MALTODEXTRIN, CARAMEL COLOUR, DRIED CHICKEN BROTH, CITRIC ACID, SILICON DIOXIDE, SPICES, MONOCALCIUM PHOSPHATE, NATURAL FLAVOUR. CONTAINS WHEAT AND MILK INGREDIENTS.","No egg,No fish,No sesame,No shellfish,No sulfite",Add to Cart; Find in Store,2.5,21,,
Walmart Canada,Frozen,Meatless Alternatives,walmart.ca,https://www.walmart.ca/en/ip/basa-fillets/6000202347291,,908 g,"Walmart.ca > Grocery > Frozen Food > Frozen Meat, Seafood & Alternatives > Frozen Fish & Seafood",OCEAN JEWEL,Basa Fillets,SKU:6000202347292,UPC:5937180745,ID:6000202347291,Walmart Item #:31039862,$5.97,,,,$0.66/100GR,Ocean Jewel Basa Fillets are BAP certified.  Basa has a mild taste and flaky white meat.  Pan fry or cook in the oven and season as desired.  There are 4 - 5 large fillets per bag.,,"[{""Product Type"":""Seafood""},{""Storage Type"":""Frozen""},{""Clearout Deal"":""No""},{""Lifestyle\/Dietary Need"":""""}]",https://i5.walmartimages.ca/images/Enlarge/279/180/6000203279180.jpg,1,Sold by Walmart,"Basa, Water, Sodium phosphate, Salt, Citric acid.",,Add to Cart; Find in Store,0,,,
Walmart Canada,Frozen,Meatless Alternatives,walmart.ca,https://www.walmart.ca/en/ip/our-finest-southwest-stuffed-beef-burgers/6000199442784,,6 x 170 g,"Walmart.ca > Grocery > Frozen Food > Frozen Meat, Seafood & Alternatives > Frozen Beef",Our Finest,Our Finest Southwest Stuffed Beef Burgers,SKU:6000199442785,UPC:62891582539,ID:6000199442784,Walmart Item #:30546512,$12.97,,,,$12.72/1KG,"Inspired by the love of exceptional food, Our FinestTM is a collection of
outstanding products crafted from superior recipes using premium ingredients.
Create the ultimate burger with Our FinestTM Southwest Stuffed Beef Burgers. Stuffed with Monterey Jack cheese, roasted red peppers and jalapenos, these
big and beefy burgers are carefully seasoned with a blend of Southwest spices. Each succulent 6-ounce butcher’s style patty is ready for grilling and can be
paired with an array of gourmet toppings or enjoyed simply with classic condiments. Any way you dress them, they are sure to impress.","• Butcher's style
• Uncooked
• Medium spice
• Made with Monterey Jack cheese, roasted red peppers & jalapenos with Southwest spices","[{""Cut"":""Burgers""},{""Product Type"":""Beef""},{""Singleserve"":""No""},{""Storage Type"":""Frozen""},{""Walmart Exclusive"":""Yes""},{""Clearout Deal"":""No""},{""Lifestyle\/Dietary Need"":""No added sugars""}]",https://i5.walmartimages.ca/images/Enlarge/825/398/628915825398.jpg | https://i5.walmartimages.ca/images/Enlarge/98_/nft/628915825398_NFT.jpg,2,Sold by Walmart,"Beef, monterey jack cheese (pasteurized milk, modified milk ingredients, bacterial culture, salt, calcium chloride, microbial enzyme, colour), water, roasted red peppers, jalapeno peppers, spices, salt, chipotle chili powder, onion powder, garlic powder, natural smoke flavour, rosemary extract, corn starch. Contains: milk.",No added sugars,Add to Cart; Find in Store,4,2,,1
Walmart Canada,Frozen,Meatless Alternatives,walmart.ca,https://www.walmart.ca/en/ip/butterball-seasoned-frozen-young-turkey/6000193605303,,1 Whole Turkey,"Walmart.ca > Grocery > Frozen Food > Frozen Meat, Seafood & Alternatives > Frozen Chicken & Turkey",Butterball,Butterball Seasoned Frozen Young Turkey,SKU:6000193605304,"UPC:22206800000"",""22265200000",ID:6000193605303,Walmart Item #:31448328,$30.38,,,,$4.34/1KG,"Make any occasion a special occasion with a tender, juicy Butterball turkey. You don’t need a holiday to gather together the ones your love. For any family gathering…serve a delicious, roasted Butterball turkey. They’ll love you for it!",,"[{""Product Type"":""Whole""},{""Cut"":""Other""},{""Storage Type"":""Frozen""},{""Clearout Deal"":""No""},{""Lifestyle\/Dietary Need"":""N\/A""}]",https://i5.walmartimages.ca/images/Enlarge/152/218/6000204152218.jpg | https://i5.walmartimages.ca/images/Enlarge/000/0_1/999999-222068000000_1.jpg | https://i5.walmartimages.ca/images/Enlarge/000/0_1/999999-222068000000_1.jpg,3,Sold by Walmart,"Turkey, water, salt, sodium ascorbate, modified corn starch, natural flavour.",N/A,Add to Cart; Find in Store,0,,,
Walmart Canada,Frozen,Meatless Alternatives,walmart.ca,https://www.walmart.ca/en/ip/our-finest-breaded-coconut-shrimp/6000022634735,,,"Walmart.ca > Grocery > Frozen Food > Frozen Meat, Seafood & Alternatives > Frozen Fish & Seafood",Our Finest,Our Finest Breaded Coconut Shrimp,SKU:10051816,UPC:68113140833,ID:6000022634735,Walmart Item #:30227998,$11,,,,$2.42/100GR,"Our Finest Breaded Coconut Shrimp with Mild Sweet Chili Sauce features succulent shrimp in a crisp coconut breading that is delightfully crunchy on the outside, yet tender inside. And, like our name says, it is the best we have to offer – we use our ﬁnest, premium quality ingredients to ensure the most delicious appetizer.",,"[{""Cut"":""Seafood""},{""Storage Type"":""Frozen""},{""Walmart Exclusive"":""Yes""},{""Clearout Deal"":""No""},{""Lifestyle\/Dietary Need"":""No artificials""}]",https://i5.walmartimages.ca/images/Enlarge/408/332/681131408332.jpg | https://i5.walmartimages.ca/images/Enlarge/833/2_1/681131408332_1.jpg | https://i5.walmartimages.ca/images/Enlarge/32_/nft/681131408332_NFT.jpg | https://i5.walmartimages.ca/images/Enlarge/32_/nft/681131408332_NFT.jpg,4,Sold by Walmart,,No artificials,Add to Cart; Find in Store,5,4,,
Walmart Canada,Frozen,Meatless Alternatives,walmart.ca,https://www.walmart.ca/en/ip/zabiha-halal-chicken-burgers/6000094220844,,908g,Walmart.ca > Grocery > Seasonal Holidays > Diwali Celebration > Diwali Meals,Zabiha Halal,Zabiha Halal Chicken Burgers,SKU:10212063,UPC:6771400419,ID:6000094220844,Walmart Item #:9314575,$9.97,,,,$1.1/100GR,"These chicken burgers are a great alternative to the classic beef burger. Grill to perfection and add your favourite toppings like avocado and BBQ sauce, and you’ve got yourself a new BBQ favourite!",,"[{""Product Type"":""Other""},{""Cut"":""Burgers""},{""Storage Type"":""Frozen""},{""International Foods"":""Indian & South Asian""},{""International Foods"":""Middle Eastern""},{""Clearout Deal"":""No""},{""Lifestyle\/Dietary Need"":""No fish,No sesame,No shellfish,No sulfite,No lactose,Halal""}]",https://i5.walmartimages.ca/images/Enlarge/213/658/6000200213658.jpg | https://i5.walmartimages.ca/images/Enlarge/458/353/6000198458353.jpg | https://i5.walmartimages.ca/images/Enlarge/458/354/6000198458354.jpg | https://i5.walmartimages.ca/images/Enlarge/458/355/6000198458355.jpg | https://i5.walmartimages.ca/images/Enlarge/458/352/6000198458352.jpg,5,Sold by Walmart,"HALAL CHICKEN, WATER, RICE CRUMBS (RICE, GLUCOSE, SALT), CORN SYRUP SOLIDS, CANOLA OIL, SALT, FLAVOUR, RICE STARCH, SPICES, PEA PROTEIN, TORULA YEAST, SPICE EXTRACTS.  MAY CONTAIN SOY, WHEAT, MILK AND EGG.","No fish,No sesame,No shellfish,No sulfite,No lactose,Halal",Add to Cart; Find in Store,4,4,,
Walmart Canada,Drinks,Soft Drinks/Sodas,walmart.ca,https://www.walmart.ca/en/ip/dr-pepper-6-x-710-ml-bottles/6000196027211,,6x710mL,Walmart.ca > Household Supplies & Pantry > Drinks > Soft Drinks > Other Soft Drinks,Dr. Pepper,"Dr. Pepper, 6 x 710 mL bottles",SKU:6000196027212,UPC:5490002109,ID:6000196027211,Walmart Item #:9289440,$3.97,,,,$0.09/100ML,"There’s nothing like the great taste of Dr. Pepper*. For over 125 years, its signature blend of 23 flavours has continued to make every sip truly unique. This 6-pack of 710 mL bottles gives Dr Pepper* fans more of the refreshing flavour they crave.","•6 x 710 mL bottles of One-of-a-Kind flavour
• 6 x 710 mL bottles
•Signature blend of 23 flavours
•A flavour favourite for over 125 years
•Always an original","[{""Flavour"":""Cola""},{""Singleserve"":""No""},{""Storage Type"":""Shelf""},{""Clearout Deal"":""No""},{""Lifestyle\/Dietary Need"":""No egg,No fish,No milk,No mustard,No sesame,No shellfish,No soy,No sulfite,No wheat,No lactose,Vegan-friendly,Vegetarian-friendly""}]",https://i5.walmartimages.ca/images/Enlarge/300/709/6000202300709.jpg | https://i5.walmartimages.ca/images/Enlarge/374/306/6000203374306.jpg | https://i5.walmartimages.ca/images/Enlarge/469/376/6000203469376.jpg | https://i5.walmartimages.ca/images/Enlarge/92_/nft/54900021092_NFT.jpg | https://i5.walmartimages.ca/images/Enlarge/92_/nft/54900021092_NFT.jpg,5,Sold by Walmart,"CARBONATED WATER, SUGAR/GLUCOSE-FRUCTOSE, COLOUR, PHOSPHORIC ACID, NATURAL AND ARTIFICIAL FLAVOURS, SODIUM BENZOATE, CAFFEINE.","No egg,No fish,No milk,No mustard,No sesame,No shellfish,No soy,No sulfite,No wheat,No lactose,Vegan-friendly,Vegetarian-friendly",Add to Cart; Find in Store,4.9,20,,
Walmart Canada,Frozen,Meatless Alternatives,walmart.ca,https://www.walmart.ca/en/ip/al-safa-halal-uncooked-beef-gyro-slices/6000197179196,,540 g,"Walmart.ca > Grocery > Frozen Food > Frozen Meat, Seafood & Alternatives > Frozen Beef",Al Safa Halal,Al Safa Halal Uncooked Beef Gyro Slices,SKU:6000197179197,UPC:62496760009,ID:6000197179196,Walmart Item #:9150995,$6.3,,,,$1.17/100GR,"Beef Gyro Slices, mildly seasoned and ideal for making wraps or shawarmas using pita or flatbread. Made with 100% Halal Meat, using Zabiha by Hand raw materials to cater Muslim Needs.",,"[{""Cut"":""Strips""},{""Storage Type"":""Frozen""},{""International Foods"":""Middle Eastern""},{""International Foods"":""Indian & South Asian""},{""Clearout Deal"":""No""},{""Lifestyle\/Dietary Need"":""Halal""}]",https://i5.walmartimages.ca/images/Enlarge/600/099/999999-624967600099.jpg | https://i5.walmartimages.ca/images/Enlarge/009/9_1/999999-624967600099_1.jpg | https://i5.walmartimages.ca/images/Enlarge/009/9_1/999999-624967600099_1.jpg,3,Sold by Walmart,"Halal Beef, Water, Breadcrumbs (Wheat Flour, Contains Less Than 2 % Of Each Of The Following: Sugar, Yeast, Expeller Pressed Sunflower Oil, Salt), Seasoning: Salt, Spices, Dehydrated Garlic, Dehydrated Onion, Monosodium Glutamate.Contains: Wheat.",Halal,Add to Cart; Find in Store,3,1,,
Walmart Canada,Frozen,Meatless Alternatives,walmart.ca,https://www.walmart.ca/en/ip/deli-express-honey-garlic-flavoured-chicken-drumsticks/6000202765092,,675 g,"Walmart.ca > Grocery > Frozen Food > Frozen Meat, Seafood & Alternatives > Frozen Chicken & Turkey",Deli Express,Deli Express Honey Garlic Flavoured Chicken Drumsticks,SKU:6000202765093,UPC:6310028664,ID:6000202765092,Walmart Item #:31181675,$7.97,,,,$1.18/100GR,"Enjoy the scrumptious combination of sweet honey and spicy garlic with Deli Express® Honey Garlic Flavoured Chicken Drumsticks. Seasoned with a blend of spices, these uncooked drumsticks are coated in honey garlic sauce for sweet and savoury flavour. The rich taste of these frozen chicken drumsticks makes them a great choice for an indulgent shared snack or meal. Deli Express® is part of the Maple Leaf Foods family of brands.","FAMILY FAVOURITE: These frozen chicken drumsticks are a delicious meal or snack to savour with family and friends
QUALITY CUTS: Only our quality cuts of chicken are used to create these drumsticks
SWEET AND SAVOURY FLAVOUR: Includes 2 honey garlic sauce packets for basting the drumsticks
GOOD SOURCE OF PROTEIN: Contains 16g of protein per serving
PROUDLY CANADIAN BRAND: Deli Express® is part of the Maple Leaf Foods family of brands","[{""Product Type"":""Other""},{""Storage Type"":""Frozen""},{""Clearout Deal"":""No""},{""Lifestyle\/Dietary Need"":""""}]",https://i5.walmartimages.ca/images/Enlarge/160/223/6000203160223.jpg | https://i5.walmartimages.ca/images/Enlarge/160/626/6000203160626.jpg,2,Sold by Walmart,CHICKEN; WATER; SALT; SODIUM PHOSPHATE. GLAZED WITH: SUGAR; SOY PROTEIN PRODUCT; FANCY MOLASSES; DRIED GARLIC; MALTODEXTRIN; FLAVOUR ; HONEY; YEAST EXTRACT; SALT; DRIED TOMATO; DRIED ONIONS; GINGER. SAUCE: SUGAR/GLUCOSE-FRUCTOSE; WATER; HONEY; MODIFIED CORN STARCH; VINEGAR; DRIED GARLIC; SALT; BLACKSTRAP MOLASSES; CARAMEL; POTASSIUM SORBATE; SODIUM BENZOATE; FLAVOUR. CONTAINS: SOY.,,Add to Cart; Find in Store,0,,,
Walmart Canada,Frozen,Meatless Alternatives,walmart.ca,https://www.walmart.ca/en/ip/mina-halal-mozzarella-stuffed-chicken/6000198518052,,568 g,Walmart.ca > Grocery > Seasonal Holidays > Diwali Celebration > Diwali Meals,Mina,Mina Halal Mozzarella Stuffed Chicken,SKU:6000198518053,UPC:6310029722,ID:6000198518052,Walmart Item #:31577865,$8.97,,,,$1.58/100GR,"Create a simple yet delicious dinner for your family with Mina® Halal Mozzarella Stuffed Chicken. Our chickens are individually blessed and strictly Zabeeha by hand. Your whole family will savour the decadent flavour of these breaded chicken cutlettes filled with real mozzarella cheese. A proudly Canadian brand, Mina® strictly adheres to the most stringent halal process and is verified by the Halal Monitoring Authority (HMA).","FAMILY FAVOURITE: Made with real cheese, these frozen stuffed chicken cutlettes are a decadent meal addition that everyone will savour
HALAL CHICKEN: Mina® brand uses only fresh, wholesome halal chicken to create these breaded chicken cutlettes
ZABEEHA BY HAND: Chickens are Zabeeha by hand to ensure humane treatment
NO ARTIFICIAL FLAVOURS OR COLOURS: Mina® brand products contain no artificial flavours or colours
COOK WITH CONFIDENCE: Certified by the Halal Monitoring Authority, Mina® brand strictly adheres to the most stringent halal process so our customers can cook with confidence","[{""Product Type"":""Other""},{""Cut"":""Other""},{""Storage Type"":""Frozen""},{""International Foods"":""Indian & South Asian""},{""International Foods"":""Middle Eastern""},{""Clearout Deal"":""No""},{""Lifestyle\/Dietary Need"":""No egg,No fish,No mustard,No sesame,No shellfish,No sulfite,No artificials,No added sugars""}]",https://i5.walmartimages.ca/images/Enlarge/615/819/6000199615819.jpg | https://i5.walmartimages.ca/images/Enlarge/235/195/6000204235195.jpg | https://i5.walmartimages.ca/images/Enlarge/235/197/6000204235197.jpg | https://i5.walmartimages.ca/images/Enlarge/235/198/6000204235198.jpg | https://i5.walmartimages.ca/images/Enlarge/235/200/6000204235200.jpg | https://i5.walmartimages.ca/images/Enlarge/474/135/6000203474135.jpg,6,Sold by Walmart,"CHICKEN, WATER, MOZZARELLA CHEESE (PASTEURIZED MILK, BACTERIAL CULTURE, SALT, MICROBIAL ENZYME), TOASTED WHEAT CRUMBS WITH SPICES, SOY PROTEIN PRODUCT, MODIFIED CORN STARCH, WHEAT FLOUR, CORN FLOUR, WHEAT GLUTEN, SALT, BAKING POWDER, PALM OIL, DEFATTED SOY FLOUR, ONION POWDER, GARLIC POWDER, GUAR GUM. BROWNED IN VEGETABLE OIL. CONTAINS: MILK, SOY, WHEAT.","No egg,No fish,No mustard,No sesame,No shellfish,No sulfite,No artificials,No added sugars",Add to Cart; Find in Store,0,,,
Walmart Canada,Frozen,Meatless Alternatives,walmart.ca,https://www.walmart.ca/en/ip/pintys-pub-grill-boneless-buffalo-chicken-wings/6000162307546,,810 g,"Walmart.ca > Grocery > Frozen Food > Frozen Meat, Seafood & Alternatives > Frozen Chicken & Turkey",Pinty's Pub & Grill,Pinty's Pub & Grill Boneless Buffalo Chicken Wings,SKU:10317673,UPC:6909462457,ID:6000162307546,Walmart Item #:30493731,$14.97,,,,$1.72/100GR,"\u003Cp>Restaurant quality premium, fully cooked, bite sized chicken chunks in the convenience of your home. Customize your experience by enjoying them plain, make them as saucy as you like or dip them in the included sauces.\u003C/p>",\u003Cul>\u003Cli>The ultimate pub experience in a box\u003C/li>\u003Cli>Lightly dusted\u003C/li>\u003Cli>Mildly Seasoned\u003C/li>\u003Cli>Signature sauces included\u003C/li>\u003Cli>Total customization\u003C/li>\u003Cli>Enjoy the chunks plain\u003C/li>\u003Cli>Sauce them\u003C/li>\u003Cli>Dip them\u003C/li>\u003Cli>Bite sized Chicken Chunks\u003C/li>\u003Cli>Fully cooked\u003C/li>\u003C/ul>,"[{""Product Type"":""Other""},{""Cut"":""Wings""},{""Storage Type"":""Other""},{""Clearout Deal"":""No""},{""Lifestyle\/Dietary Need"":""N\/A""}]",https://i5.walmartimages.ca/images/Enlarge/158/140/1158140.jpg | https://i5.walmartimages.ca/images/Enlarge/814/0_1/1158140_1.jpg | https://i5.walmartimages.ca/images/Enlarge/814/0_1/1158140_1.jpg,3,Sold by Walmart,,N/A,Add to Cart; Find in Store,3.1,8,,
Walmart Canada,Frozen,Pizzas,walmart.ca,https://www.walmart.ca/en/ip/dr-oetker-casa-di-mama-classic-canadian-pizza/6000196727281,,410 g,Walmart.ca > Grocery > Frozen Food > Frozen Pizza,Dr.Oetker,Dr. Oetker Casa di Mama Classic Canadian Pizza,SKU:6000196727282,UPC:5833674570,ID:6000196727281,Walmart Item #:31326442,$4.98,,,,$1.21/100GR,"Casa Di Mama… Homemade pizza taste just like Mama used to make!
Dr. Oetker Casa Di Mama Classic Canadian Pizza is topped with our tomato pizzeria style sauce, pepperoni, bacon, and mushrooms.

Cooking Instructions: 
1. Ensure oven rack is in the middle position. Preheat oven to 450oF (230oC). Keep pizza frozen until ready to bake.
2. Remove pizza from packaging
3. Loosen the baking parchment and lift off together with the pizza from the cardboard
4. Place the pizza with parchment on a dark or non-shiny pizza pan
5. Bake for 14-16 minutes and until cheese is melted and crust is golden brown. 

NOTE: Individual oven cooking times may vary. CAUTION: Pizza will be very hot",Made in Canada,"[{""Product Type"":""Canadian""},{""Storage Type"":""Frozen""},{""Clearout Deal"":""No""},{""Lifestyle\/Dietary Need"":""No egg,No fish,No sesame,No shellfish,No artificials""}]",https://i5.walmartimages.ca/images/Enlarge/745/706/999999-58336745706.jpg,1,Sold by Walmart,"Crust ENRICHED WHEAT FLOUR, WATER, YEAST, MODIFIED PALM OIL, SALT, SUGAR, BARLEY MALT EXTRACT, MONOCALCIUM PHOSPHATE, BAKING SODA, ACETYLATED TARTARIC ACID ESTERS OF MONO AND DIGLYCERIDES, DICALCIUM PHOSPHATE, GUAR GUM, HYDROGENATED CANOLA OIL, CANOLA OIL, CALCIUM CITRATE, ASCORBIC ACID, PENTOSANASE, AMYLASE Toppings PEPPERONI (PORK, SALT, SPICES, DEXTROSE, WATER, ONION POWDER, SPICE EXTRACTS, GARLIC POWDER, ASCORBIC ACID, SODIUM NITRITE, BACTERIAL CULTURE, SODIUM ASCORBATE, SMOKE), BACK BACON (PORK, SALT, SUGAR, DEXTROSE, SPICE EXTRACT, SODIUM ASCORBATE, SODIUM NITRITE, SMOKE), MUSHROOMS (CONTAINS SULPHITES), HERBS Sauce TOMATO PUREE, WATER, SUGAR, OLIVE OIL, SALT, SPICES, MODIFIED CORN STARCH, GARLIC POWDER, SOYA OIL Cheeses EDAM AND MOZZARELLA CHEESE (MILK, BACTERIAL CULTURE, SALT, MICROBIAL ENZYME, CALCIUM CHLORIDE) CONTAINS: WHEAT, BARLEY, MILK, SULPHITES","No egg,No fish,No sesame,No shellfish,No artificials",Add to Cart; Find in Store,4,4,,
Walmart Canada,Frozen,Pizzas,walmart.ca,https://www.walmart.ca/en/ip/delissio-rising-crust-pizza-bacon-cheeseburger/6000195508999,,801 GR,Walmart.ca > Grocery > Frozen Food > Frozen Pizza,Delissio,DELISSIO Rising Crust Pizza Bacon Cheeseburger,SKU:6000195509000,UPC:7192162534,ID:6000195508999,Walmart Item #:30875838,$5.44,,,,$0.68/100GR,"There’s nothing quite like a classic rising crust pizza topped with your favourite ingredients. DELISSIO® Rising Crust Pizza  Bacon Cheeseburger (801 g) tops a high-rising, thick crust with seasoned beef, bacon, mozzarella, onion, and cheddar cheese – a blend of two delicious worlds! Whether treating yourself or pleasing a crowd, the soft and fluffy crust with a crispy outside makes every night an irresistible pizza night. Made with high quality ingredients, it’s no wonder DELISSIO® is the Most Trusted Frozen Pizza Brand in Canada*. It’s easy to cook up a delish pizza that tastes just like delivery. It’s not delivery, It’s DELISSIO!® *BrandSpark International inc. 2017/2018","• A classic, thick crust with a fluffy inside, topped with part-skim mozzarella, parmesan, Romano, and asiago cheeses
• Made with only quality ingredients, DELISSIO® is the Most Trusted Frozen Pizza Brand in Canada*
• Quick and easy way to turn any night into a mouth-watering pizza night – perfect for a night in, pleasing the crowd, or a tasty appetizer
• Add your favourite ingredients for your own pizza personalization
• The only door you need to open is your oven. It’s not delivery, it’s DELISSIO!®","[{""Features"":""\u2022 A classic""},{""Features"":"" thick crust with a fluffy inside""},{""Features"":"" topped with part-skim mozzarella""},{""Features"":"" parmesan""},{""Features"":"" Romano""},{""Singleserve"":""No""},{""Product Type"":""Meat""},{""Storage Type"":""Frozen""},{""Batteries Included"":""N""},{""Clearout Deal"":""No""},{""Lifestyle\/Dietary Need"":""No egg,No fish,No sesame,No shellfish""}]",https://i5.walmartimages.com/asr/44d85e77-da85-4e43-9e05-4887277f96b7.fbb2d18c5bac8248b7bd9b415786325a.jpeg?odnHeight=2000&odnWidth=2000&odnBg=ffffff | https://i5.walmartimages.com/asr/df9f76fc-388a-4615-8928-384569b57f6d.8d0de56d42cf3f428c51cdbc038911a0.jpeg?odnHeight=2000&odnWidth=2000&odnBg=ffffff | https://i5.walmartimages.com/asr/02f2793d-3287-4eb6-87da-e1e15c9834fc.ceae466eb01ca8336cdd664878957fd2.jpeg?odnHeight=2000&odnWidth=2000&odnBg=ffffff | https://i5.walmartimages.com/asr/997a8c9f-79a8-460f-a338-da7ae88c0218.e406f4ef012b462a1f8332581ecb69cf.jpeg?odnHeight=2000&odnWidth=2000&odnBg=ffffff | https://i5.walmartimages.com/asr/235a42b7-cc19-4c6d-9a64-bbb9dfbb34c2.af78c41680772dc4abeb671b5cd5193f.jpeg?odnHeight=2000&odnWidth=2000&odnBg=ffffff | https://i5.walmartimages.com/asr/9b272678-a121-4235-82d6-f6a1095799a1.13996dc88b51a730451b45408b5c5562.jpeg?odnHeight=2000&odnWidth=2000&odnBg=ffffff,6,Sold by Walmart,"Crust (wheat flour, water, sugar, corn meal, wheat gluten, soya oil, yeast, salt, modified palm oil, DATEM,  baking soda, mineral oil, sunflower lecithin, ascorbic acid, glucoamylase, glucose oxidase, xylanase), Part-skim mozzarella and cheddar cheeses (milk ingredients, bacterial culture, salt, microbial enzyme, annatto, calcium chloride), Sauce (water, tomato paste, soya oil, cucumber, vinegar, sugar, salt, onion, modified corn starch, onion and garlic powder, yeast extract, xanthan gum, calcium chloride, calcium disodium EDTA, polysorbate 80, sodium benzoate, potassium sorbate, propylene glycol alginate, disodium inosinate, disodium guanylate, caramel, flavour, seasoning and spices [mustard]), Cooked seasoned beef with hydrolyzed corn, soy, and wheat proteins, Bacon, Onion, Salt.","No egg,No fish,No sesame,No shellfish",Add to Cart; Find in Store,3.9,56,,
Walmart Canada,Frozen,Meatless Alternatives,walmart.ca,https://www.walmart.ca/en/ip/breaded-haddock-bites-roasted-garlic-herb/6000202108964,,,"Walmart.ca > Grocery > Frozen Food > Frozen Meat, Seafood & Alternatives > Frozen Fish & Seafood",High Liner,BREADED HADDOCK BITES ROASTED GARLIC & HERB,SKU:6000202108965,UPC:6176304591,ID:6000202108964,Walmart Item #:30902810,$9.97,,,,$1.66/100GR,"High Liner Fish, Prepared, Frozen, BREADED HADDOCK BITES, WILD HADDOCK, ROASTED GARLIC & HERBS, UNCOOKED",,"[{""Product Type"":""Seafood""},{""Storage Type"":""Frozen""},{""Lifestyle\/Dietary Need"":""""}]",https://i5.walmartimages.ca/images/Enlarge/311/632/6000203311632.jpg | https://i5.walmartimages.ca/images/Enlarge/311/634/6000203311634.jpg,2,Sold by Walmart,"Haddock, Water, Toasted wheat crumbs, Vegetable oil (canola, sunflower), Modified corn starch, Flour (wheat, corn), Sugar, Seasonings (roasted garlic, onion, herbs, spices), Salt, Baking powder, Sodium phosphate (to retain moisture), Paprika, Caramel (colour). Contains: Haddock (fish), Wheat.",,Add to Cart; Find in Store,0,,,
Walmart Canada,Frozen,Meatless Alternatives,walmart.ca,https://www.walmart.ca/en/ip/cardinal-fully-cooked-chicken-breast/6000202557284,,680g | 8 x 85g,"Walmart.ca > Grocery > Frozen Food > Frozen Meat, Seafood & Alternatives > Frozen Chicken & Turkey",Cardinal,Cardinal Fully Cooked Chicken Breast,SKU:6000202557285,UPC:6335108425,ID:6000202557284,Walmart Item #:31111540,$10,,,,$125/100GR,"With over 25 years of experience in sous vide craftmanship, our fully cooked chicken breasts create healthy restaurant quality chicken that is tender and delicious every time. Cooked in our Safe Sous Vide™ culinary technique, our chicken breasts are minimally processed, can be used in endless weeknight meal ideas and help save on your monthly grocery bill. For perfectly delicious meals, in no time, every time","* 20 grams of protein per serving
* Fully cooked to be used as needed & ready in minutes
* Use in endless meal ideas
* Delicious, restaurant quality
* Healthy, nutritious.","[{""Cut"":""Other""},{""Product Type"":""Chicken""},{""Singleserve"":""Yes""},{""Storage Type"":""Frozen""},{""Clearout Deal"":""No""},{""Lifestyle\/Dietary Need"":""""}]",https://i5.walmartimages.ca/images/Enlarge/603/264/6000202603264.jpg | https://i5.walmartimages.ca/images/Enlarge/578/379/6000202578379.jpg | https://i5.walmartimages.ca/images/Enlarge/706/462/6000202706462.jpg | https://i5.walmartimages.ca/images/Enlarge/583/593/6000202583593.jpg | https://i5.walmartimages.ca/images/Enlarge/583/594/6000202583594.jpg,5,Sold by Walmart,"Chicken, Water, Salt, Sodium Phosphate",,Add to Cart; Find in Store,5,2,,
Walmart Canada,Frozen,Meatless Alternatives,walmart.ca,https://www.walmart.ca/en/ip/deli-express-bbq-chicken-drumsticks/6000202761721,,675 g,"Walmart.ca > Grocery > Frozen Food > Frozen Meat, Seafood & Alternatives > Frozen Chicken & Turkey",Deli Express,Deli Express BBQ Chicken Drumsticks,SKU:6000202761722,UPC:6310028667,ID:6000202761721,Walmart Item #:31181676,$7.97,,,,$1.18/100GR,Bring the bold taste of barbecue chicken to your kitchen with Deli Express® BBQ Chicken Drumsticks. These drumsticks are seasoned with an intense blend of spices and coated in our classic barbeque sauce for a sweet and smoky finish. The rich flavour of these frozen chicken drumsticks makes them a great choice for an indulgent shared snack or meal. Deli Express® is part of the Maple Leaf Foods family of brands.,"FAMILY FAVOURITE: BBQ chicken drumsticks are a delicious meal or snack to savour with family and friends
QUALITY CUTS: Only our quality cuts of chicken are used to create these drumsticks
CLASSIC BBQ FLAVOUR: Includes 1 BBQ sauce packet for basting the drumsticks
GOOD SOURCE OF PROTEIN: Contains 17g of grams of protein per serving
PROUDLY CANADIAN BRAND: Deli Express® is part of the Maple Leaf Foods family of brands","[{""Product Type"":""Other""},{""Storage Type"":""Frozen""},{""Clearout Deal"":""No""},{""Lifestyle\/Dietary Need"":""""}]",https://i5.walmartimages.ca/images/Enlarge/159/883/6000203159883.jpg | https://i5.walmartimages.ca/images/Enlarge/160/630/6000203160630.jpg,2,Sold by Walmart,"CHICKEN, WATER, SALT, SODIUM PHOSPHATE. GLAZED WITH: SUGAR, SOY PROTEIN PRODUCT, CORN SYRUP SOLIDS, TOMATO POWDER, MODIFIED CORN STARCH, SPICE, BROWN SUGAR, MALTODEXTRIN, YEAST EXTRACT, SODIUM ACETATE, MALIC ACID, ONION POWDER, GARLIC POWDER, LEMON JUICE SOLIDS, LACTOSE, MOLASSES SOLIDS, FLAVOUR, VEGETABLE OIL, SPICE EXTRACT, TAMARIND, CITRIC ACID, CARAMEL, ANNATTO.SAUCE: WATER, SUGAR/GLUCOSE-FRUCTOSE, VINEGAR, TOMATO PASTE, MODIFIED CORN STARCH, SALT, SPICE, HYDROLYZED SOY PROTEIN, DRIED ONIONS, DRIED GARLIC, SODIUM BENZOATE, NATURAL SMOKE FLAVOUR,, FLAVOUR, CARAMEL.CONTAINS: MILK, SOY.",,Add to Cart; Find in Store,0,,,
Walmart Canada,Frozen,Meatless Alternatives,walmart.ca,https://www.walmart.ca/en/ip/al-safa-halal-fully-cooked-beef-meatballs/6000197620839,,454 g,"Walmart.ca > Grocery > Frozen Food > Frozen Meat, Seafood & Alternatives > Frozen Beef",Al Safa Halal,Al Safa Halal Fully Cooked Beef Meatballs,SKU:6000197620840,UPC:62496790592,ID:6000197620839,Walmart Item #:9141965,$7.47,,,,$1.65/100GR,"Fully Cooked Beef Meatballs infused with mild spices. Can be paired with Spaghetti, or used in making Kofta Curry - 100% Halal Meat, using Zabiha by Hand raw materials to cater Muslim Needs.",• Fully Cooked,"[{""Cut"":""Meatballs""},{""Storage Type"":""Frozen""},{""International Foods"":""Middle Eastern""},{""International Foods"":""Indian & South Asian""},{""Clearout Deal"":""No""},{""Lifestyle\/Dietary Need"":""Halal,Made in Canada""}]",https://i5.walmartimages.ca/images/Enlarge/905/927/999999-624967905927.jpg | https://i5.walmartimages.ca/images/Enlarge/592/7_1/999999-624967905927_1.jpg | https://i5.walmartimages.ca/images/Enlarge/592/7_1/999999-624967905927_1.jpg,3,Sold by Walmart,"Halal Beef, Water, Toasted Wheat Crumbs, Spices, Salt, Sugar, Onion Powder, Lemon Juice Powder (Glucose Solids, Lemon Juice, Lemon Oil), Dehydrated Onions, Dehydrated Parsley, Dehydrated Red Bell Peppers, High Monounsaturated Vegetable Oil (Canola &/or Soybean &/or Sunflower Seed).Contains: Wheat, Soy","Halal,Made in Canada",Add to Cart; Find in Store,4.5,2,,
Walmart Canada,Frozen,Meatless Alternatives,walmart.ca,https://www.walmart.ca/en/ip/frozen-mutton-shoulder-cubes/6000203476142,,550g - 650g,"Walmart.ca > Grocery > Frozen Food > Frozen Meat, Seafood & Alternatives > Frozen Beef",Al Premium,Frozen Mutton Shoulder Cubes,SKU:6000203476143,UPC:62863496640,ID:6000203476142,Walmart Item #:31710962,$10,,,,$1.67/100GR,"Mutton shoulders come from the shoulder of a Mutton which is technically a lamb who is fully grown and the meat has a deep dark red colour. This cut is well-known for making stew or curry because as they are slowly boiled they become more tender, rich and full of flavour. Some dishes that can be made from mutton shoulders are Chettinad Mutton Curry, Punjabi Mutton Curry, Caribbean Curry Mutton, etc.",,"[{""Product Type"":""Other""},{""Storage Type"":""Frozen""},{""Clearout Deal"":""No""},{""Lifestyle\/Dietary Need"":""""}]",https://i5.walmartimages.ca/images/Enlarge/675/952/6000203675952.jpg | https://i5.walmartimages.ca/images/Enlarge/675/945/6000203675945.jpg | https://i5.walmartimages.ca/images/Enlarge/588/913/6000203588913.jpg,3,Sold by Walmart,Mutton Shoulder,,Add to Cart; Find in Store,0,,,
Walmart Canada,Drinks,Soft Drinks/Sodas,walmart.ca,https://www.walmart.ca/en/ip/pepsi-cola-222ml-cans-6-pack/6000192739584,,6x222mL,Walmart.ca > Household Supplies & Pantry > Drinks > Soft Drinks > Cola,Pepsi,"Pepsi Cola, 222mL Cans, 6 Pack",SKU:6000192739585,UPC:6900014902,ID:6000192739584,Walmart Item #:31093675,$2.67,,,,$0.2/100ML,"Pepsi® soft drink is a bold, refreshing, robust cola. Perfect for parties, meals and celebrations big and small. This 6-pack of 222 mL cans is ideal for sharing with family and friends, and great for portion control.","•Bold, refreshing, great tasting cola.
•Perfect for any occasion or celebration
•6-pack of 222 mL cans is ideal for sharing and great for portion control.
•","[{""Flavour"":""Cola""},{""Singleserve"":""No""},{""Storage Type"":""Shelf""},{""Clearout Deal"":""No""},{""Lifestyle\/Dietary Need"":""No egg,No fish,No milk,No mustard,No sesame,No shellfish,No soy,No sulfite,No wheat,No lactose,Kosher,Vegan-friendly,Vegetarian-friendly""}]",https://i5.walmartimages.ca/images/Enlarge/149/027/999999-69000149027.jpg | https://i5.walmartimages.ca/images/Enlarge/374/649/6000203374649.jpg | https://i5.walmartimages.ca/images/Enlarge/902/7_1/999999-69000149027_1.jpg | https://i5.walmartimages.ca/images/Enlarge/849/715/6000201849715.jpg | https://i5.walmartimages.ca/images/Enlarge/27_/nft/69000149027_NFT.jpg | https://i5.walmartimages.ca/images/Enlarge/27_/nft/69000149027_NFT.jpg,6,Sold by Walmart,"CARBONATED WATER, GLUCOSE-FRUCTOSE AND/OR SUGAR, CARAMEL COLOUR, PHOSPHORIC ACID, CAFFEINE, CITRIC ACID, NATURAL FLAVOUR.","No egg,No fish,No milk,No mustard,No sesame,No shellfish,No soy,No sulfite,No wheat,No lactose,Kosher,Vegan-friendly,Vegetarian-friendly",Add to Cart; Find in Store,0,,,
Walmart Canada,Frozen,Meatless Alternatives,walmart.ca,https://www.walmart.ca/en/ip/frozen-beef-short-ribs/6000203476511,,350g - 450g,"Walmart.ca > Grocery > Frozen Food > Frozen Meat, Seafood & Alternatives > Frozen Beef",Al Premium,Frozen Beef Short Ribs,SKU:6000203476512,UPC:62863496622,ID:6000203476511,Walmart Item #:31710959,$10,,,,$2.5/100GR,"Beef short ribs, chuck short ribs, and back ribs are known to essentially be the three types of beef ribs. Out of all the different options, beef short ribs are known to be the most popular option when barbecuing. Since beef short ribs usually come from the area between the chuck and ribs of a beef cattle, it has the characteristics of both cuts, but sometimes may come from the brisket or plate. This results in the meat instantly melting in your mouth while having a deep beefy flavour exploding in your mouth. Some dishes that are popular around the world which incorporate beef short ribs are: Curried Short Ribs Nihari, Jamaican Jerk Ribs, Jamaican Braised Short Ribs, Korean BBQ Short Ribs (Galbi), Korean Beef Short Rib Soup (Galbitang) etc.",,"[{""Product Type"":""Beef""},{""Storage Type"":""Frozen""},{""Clearout Deal"":""No""},{""Lifestyle\/Dietary Need"":""""}]",https://i5.walmartimages.ca/images/Enlarge/675/882/6000203675882.jpg | https://i5.walmartimages.ca/images/Enlarge/675/883/6000203675883.jpg | https://i5.walmartimages.ca/images/Enlarge/591/171/6000203591171.jpg,3,Sold by Walmart,Beef Short Ribs,,Add to Cart; Find in Store,0,,,
Walmart Canada,Drinks,Soft Drinks/Sodas,walmart.ca,https://www.walmart.ca/en/ip/san-pellegrino-limonata-sparkling-fruit-beverage/6000196180625,,6 x 330 ml,Walmart.ca > Household Supplies & Pantry > Drinks > Soft Drinks > Other Soft Drinks,S. Pellegrino,San Pellegrino Limonata Sparkling Fruit Beverage,SKU:10290180,UPC:4150880034,ID:6000196180625,Walmart Item #:9262755,$5.77,$4.97,,$Rollback,$0.25/100ML,\u003Cp>Experience the delicious flavours of San Pellegrino's sparkling fruit beverage orginating from Italy.\u003C/p>,\u003Cul>\u003Cli>Unique and refreshing taste with authentic fruit-based ingredients\u003C/li>\u003Cli>\u003Cp>Contains a unique foil top cover\u003C/p>\u003C/li>\u003Cli>\u003Cp>Imported from Italy\u003C/p>\u003C/li>\u003C/ul>,"[{""Singleserve"":""No""},{""Clearout Deal"":""No""},{""Lifestyle\/Dietary Need"":""No egg,No fish,No milk,No mustard,No sesame,No shellfish,No soy,No sulfite,No wheat,No lactose,No artificials,Kosher,Vegan-friendly,Vegetarian-friendly""}]",https://i5.walmartimages.ca/images/Enlarge/_63/480/63480.jpg | https://i5.walmartimages.ca/images/Enlarge/41_/nft/41508800341_NFT.jpg | https://i5.walmartimages.ca/images/Enlarge/41_/nft/41508800341_NFT.jpg,3,Sold by Walmart,"WATER, LEMON JUICE FROM CONCENTRATE, SUGAR, NATURAL CARBON DIOXIDE, NATURAL FLAVOUR.","No egg,No fish,No milk,No mustard,No sesame,No shellfish,No soy,No sulfite,No wheat,No lactose,No artificials,Kosher,Vegan-friendly,Vegetarian-friendly",Add to Cart; Find in Store,0,,,
Walmart Canada,Frozen,Meatless Alternatives,walmart.ca,https://www.walmart.ca/en/ip/nanak-veggie-kebabs/6000196034932,,"600 g , 45 pieces",Walmart.ca > Household Supplies & Pantry > International Foods > Indian & South Asian,Nanak,Nanak Veggie Kebabs,SKU:6000196034933,UPC:79767770510,ID:6000196034932,Walmart Item #:31329743,$6.97,,,,$1.16/100GR,"Nanak Veggie Kebabs are delightful bite size appetizer-excellenet as a side dish. Excellent snack for vegetarians. Vegetables cooked with herbs and spices, molded together in patties. It's an excellent high protein alternative to meat.Cooked Vegetables blended with choicest selection of herbs and spices, shaped into a bite size delightful appetizer.",,"[{""Cut"":""Other""},{""Storage Type"":""Frozen""},{""International Foods"":""Indian & South Asian""},{""Clearout Deal"":""No""},{""Lifestyle\/Dietary Need"":""No egg,No fish,No sesame,No shellfish,No soy,No artificials,Halal,Vegetarian-friendly""}]",https://i5.walmartimages.ca/images/Enlarge/705/108/999999-797677705108.jpg | https://i5.walmartimages.ca/images/Enlarge/510/8_2/999999-797677705108_2.jpg | https://i5.walmartimages.ca/images/Enlarge/510/8_3/999999-797677705108_3.jpg | https://i5.walmartimages.ca/images/Enlarge/08_/nft/797677705108_NFT.jpg | https://i5.walmartimages.ca/images/Enlarge/08_/nft/797677705108_NFT.jpg,5,Sold by Walmart,"Paneer (Milk, Modified Milk Ingredients, Citric Acid, Calcium Chloride, Potassium Sorbate [Preservative], Modified Potato Starch, Guar Gum, Xanthan Gum), Potatoes, Chickpeas, Toasted Wheat Crumbs ([Wheat Flour Enriched With Niacin, Ferrous Sulphate, Thiamine Mononitrate, Riboflavin, Folic Acid], Sugar Yeast, Salt), Green Peas, Carrots, Green Beans, Corn, Onions, Spices, Salt, Ginger, Garlic, Carrageenan, Black Pepper, Fenugreek Leaves, Fried In Canola Oil.","No egg,No fish,No sesame,No shellfish,No soy,No artificials,Halal,Vegetarian-friendly",Add to Cart; Find in Store,0,,,
Walmart Canada,Drinks,Soft Drinks/Sodas,walmart.ca,https://www.walmart.ca/en/ip/7up-soft-drink-710ml-bottles-6-pack/6000093378083,,6x710mL,Walmart.ca > Household Supplies & Pantry > Drinks > Soft Drinks > Other Soft Drinks,7UP,"7UP Soft Drink, 710mL Bottles, 6 Pack",SKU:10210277,UPC:6540000096,ID:6000093378083,Walmart Item #:9238106,$3.97,,,,$0.09/100ML,"7UP® is a refreshing lemon lime carbonated soft drink. It is a clear, caffeine free beverage made with real lemon and lime flavour. This 6-pack of 710 mL bottles is perfect to share with friends and family.","•100% Natural Flavours
•Caffeine Free
•Refreshing lemon and lime flavours","[{""Flavour"":""Lemon Lime""},{""Singleserve"":""No""},{""Storage Type"":""Shelf""},{""Clearout Deal"":""No""},{""Lifestyle\/Dietary Need"":""No egg,No fish,No milk,No mustard,No sesame,No shellfish,No soy,No sulfite,No wheat,No lactose,No artificials,Kosher,Vegan-friendly,Vegetarian-friendly""}]",https://i5.walmartimages.ca/images/Enlarge/146/381/146381.jpg | https://i5.walmartimages.ca/images/Enlarge/844/465/6000201844465.jpg | https://i5.walmartimages.ca/images/Enlarge/844/466/6000201844466.jpg,3,Sold by Walmart,"CARBONATED WATER, GLUCOSE-FRUCTOSE AND/OR SUGAR, CITRIC ACID, NATURAL FLAVOURS, MALIC ACID, SODIUM CITRATE, SODIUM BENZOATE.","No egg,No fish,No milk,No mustard,No sesame,No shellfish,No soy,No sulfite,No wheat,No lactose,No artificials,Kosher,Vegan-friendly,Vegetarian-friendly",Add to Cart; Find in Store,4.6,21,,
Walmart Canada,Frozen,Meatless Alternatives,walmart.ca,https://www.walmart.ca/en/ip/high-liner-haddock-bites-original/6000200211055,,,"Walmart.ca > Grocery > Frozen Food > Frozen Meat, Seafood & Alternatives > Frozen Fish & Seafood",High Liner,High Liner Haddock Bites Original,SKU:6000200211056,UPC:6176304589,ID:6000200211055,Walmart Item #:30007899,$12.97,,,,$2.16/100GR,"Great tasting High Liner Haddock bites, are prepared from wild caught haddock and are a great meal or snack solution.","no preservatives
no artificial flavours or colours","[{""Cut"":""Nuggets & Bites""},{""Product Type"":""Seafood""},{""Singleserve"":""No""},{""Storage Type"":""Frozen""},{""Lifestyle\/Dietary Need"":""No egg,No milk,No sesame,No shellfish,No sulfite,No lactose,No artificials""}]",https://i5.walmartimages.ca/images/Enlarge/146/626/6000201146626.jpg,1,Sold by Walmart,"Ingredients: Haddock, Water, Toasted wheat crumbs, Canola oil, Modified corn starch, Corn starch, Flour (wheat, corn, soy), Sugars (sugar, corn maltodextrin), Salt, Baking powder, Sodium phosphate (to retain moisture), Seasonings (spices, garlic, onion, soy sauce powder), Guar flour. Contains: Haddock (fish), Wheat, Soy.","No egg,No milk,No sesame,No shellfish,No sulfite,No lactose,No artificials",Add to Cart; Find in Store,0,,,
Walmart Canada,Frozen,Meatless Alternatives,walmart.ca,https://www.walmart.ca/en/ip/searay-round-scad-galunggong/6000198769245,,500g,"Walmart.ca > Grocery > Frozen Food > Frozen Meat, Seafood & Alternatives > Frozen Fish & Seafood",Searay Foods Inc.,Searay Round Scad Galunggong,SKU:6000198769246,UPC:82751000142,ID:6000198769245,Walmart Item #:30312611,$3.97,,,,$0.79/100GR,"Galunggong has multiple names. It is also known as blue mackerel scad, round scad, or short fin scad. It is a very popular fish in the Philippines that the locals joke it is the national fish. The most common way to cook galunggong as simple as pan-frying, best to serve with steamed white rice and soy sauce.",,"[{""Cut"":""Seafood""},{""Product Type"":""Seafood""},{""Storage Type"":""Frozen""},{""Clearout Deal"":""No""},{""Lifestyle\/Dietary Need"":""""}]",https://i5.walmartimages.ca/images/Enlarge/810/847/6000200810847.jpg,1,Sold by Walmart,Scad,,Add to Cart; Find in Store,0,,,
Walmart Canada,Frozen,Meatless Alternatives,walmart.ca,https://www.walmart.ca/en/ip/chicken-chapli-kebab/6000200199987,,,"Walmart.ca > Grocery > Frozen Food > Frozen Meat, Seafood & Alternatives > Frozen Chicken & Turkey",Al Safa Halal,Chicken Chapli Kebab,SKU:6000200199988,UPC:62496701008,ID:6000200199987,Walmart Item #:31028891,$6.99,,,,$1.37/100GR,Seasoned Chicken Burgers,,"[{""Cut"":""Other""},{""Product Type"":""Chicken""},{""Storage Type"":""Frozen""},{""Clearout Deal"":""No""},{""Lifestyle\/Dietary Need"":""""}]",https://i5.walmartimages.ca/images/Enlarge/607/572/6000200607572.jpg,1,Sold by Walmart,"HALAL CHICKEN, WATER, BREADCRUMBS (FLOUR, SUGAR, YEAST, EXPELLER, PRESSED SUNFLOWER OIL, SALT), SEASONING (SPICES, SALT, DEHYDRATED ONION, PARSLEY, GARLIC POWDER), TOMATO FLAKES, RED BELL PEPPER, VINEGAR POWDER, NATURAL FLAVOURS. CONTAINS: WHEAT.",,Add to Cart; Find in Store,0,,,
Walmart Canada,Frozen,Meatless Alternatives,walmart.ca,https://www.walmart.ca/en/ip/gardein-blackbean-patty-chipotle-meat-free/6000198332370,,340g,"Walmart.ca > Grocery > Frozen Food > Frozen Meat, Seafood & Alternatives > Frozen Plant-based Proteins",Gardein,Gardein Blackbean Patty Chipotle Meat Free,SKU:6000198332371,UPC:84223400167,ID:6000198332370,Walmart Item #:30442323,$5.27,,,,,Gardein Blackbean Platty - Chipotle.  Ready in 8  minutes!  Made with plant protein.  Very high source of fibre.  Non GMO product.,,"[{""Storage Type"":""Frozen""},{""Product Type"":""Other""},{""Lifestyle and Dietary Claims"":""11""},{""Batteries Included"":""N""},{""Clearout Deal"":""No""},{""Lifestyle\/Dietary Need"":""No egg,No fish,No milk,No sesame,No shellfish,No sulfite,No wheat,No lactose,No artificials,Kosher,Vegan-friendly,Vegetarian-friendly""}]",https://i5.walmartimages.com/asr/21880575-1187-4cc5-abc6-9d1a520ef4fd.12be5f1411abcf14071f077b684a3183.jpeg?odnHeight=2000&odnWidth=2000&odnBg=ffffff | https://i5.walmartimages.com/asr/9eed7fdb-b46e-4e2d-820c-4d5f46e1bb1e.0a0992036252e0f4e638f50befe4e5ac.jpeg?odnHeight=2000&odnWidth=2000&odnBg=ffffff,2,Sold by Walmart,"water, cooked black beans (water, black beans, salt), cooked brown rice (water, brown rice), canola oil, black bean powder, corn, onions, soy protein concentrate, concentrated tomato paste, bell peppers, sugar, potato starch, methylcellulose, sea salt, onion powder, spices, garlic powder, yeast extract, salt, natural flavour, tomato powder, maltodextrin, citric acid, lactic acid, dry molasses, instant coffee. Contains: soy","No egg,No fish,No milk,No sesame,No shellfish,No sulfite,No wheat,No lactose,No artificials,Kosher,Vegan-friendly,Vegetarian-friendly",Add to Cart; Find in Store,5,1,,2
Walmart Canada,Frozen,Meatless Alternatives,walmart.ca,https://www.walmart.ca/en/ip/gardein-spicy-breakfast-patties/6000200001171,,190 g,Walmart.ca > Grocery > Frozen Food > Frozen Breakfast > Frozen Breakfast Sausage,Gardein,Gardein Spicy Breakfast Patties,SKU:6000200001172,UPC:84223440198,ID:6000200001171,Walmart Item #:30043637,$5.27,,,,,"Your favourite foods made Meatless. We're insanely passionate about helping the world eat less meat. That's why we make delicious meatless chick'n tenders, meatless meatballs, and more. Now you can skip meat for a meal, or a month, without skipping your favorite foods.","•Always Vegan
•Excellent source of vitamin B12
•Excellent source of iron
•Ready in Only 12 minutes
•Non - Gmo- Verified
•Kosher
•Made with plant protein
•Meat-free","[{""Storage Type"":""Frozen""},{""Product Type"":""Other""},{""Features"":""\u2022Always Vegan<br>\u2022Excellent source of vitamin B12<br>\u2022Excellent source of iron<br>\u2022Ready in Only 12 minutes<br>\u2022Non - Gmo- Verified<br>\u2022Kosher<br>\u2022Made with plant protein<br>\u2022Meat-free""},{""Batteries Included"":""N""},{""Clearout Deal"":""No""},{""Lifestyle\/Dietary Need"":""""}]",https://i5.walmartimages.com/asr/551cfb20-fb2c-4c48-9732-b393aa5daf0c.76c0fe4b2fa9a31bb6923cd141ab7625.jpeg?odnHeight=2000&odnWidth=2000&odnBg=ffffff | https://i5.walmartimages.com/asr/3f41d72a-7379-4767-beac-908bcf19be58.76c0fe4b2fa9a31bb6923cd141ab7625.jpeg?odnHeight=2000&odnWidth=2000&odnBg=ffffff | https://i5.walmartimages.com/asr/6f3b6a8d-d5a0-4d8f-abf8-29dfdd0de809.3df1c7a0f5afe7a0daefd314096608a6.jpeg?odnHeight=2000&odnWidth=2000&odnBg=ffffff,3,Sold by Walmart,Water,,Add to Cart; Find in Store,5,2,,
Walmart Canada,Frozen,Meatless Alternatives,walmart.ca,https://www.walmart.ca/en/ip/al-safa-halal-beef-chapli-kebab/6000196675851,,510 g,"Walmart.ca > Grocery > Frozen Food > Frozen Meat, Seafood & Alternatives > Frozen Beef",Al Safa Halal,Al Safa Halal Beef Chapli Kebab,SKU:6000196675852,UPC:62496790578,ID:6000196675851,Walmart Item #:9151009,$6.48,,,,$1.27/100GR,"8 Flavoured Beef Burgers - Mild Flavoured spice made with Traditional South Asian Recipe - 100% Halal Meat, using Zabiha by Hand raw materials to cater Muslim Needs.",,"[{""Cut"":""Other""},{""Storage Type"":""Frozen""},{""International Foods"":""Middle Eastern""},{""International Foods"":""Indian & South Asian""},{""Clearout Deal"":""No""},{""Lifestyle\/Dietary Need"":""Halal""}]",https://i5.walmartimages.ca/images/Enlarge/905/781/999999-624967905781.jpg | https://i5.walmartimages.ca/images/Enlarge/578/1_1/999999-624967905781_1.jpg | https://i5.walmartimages.ca/images/Enlarge/578/1_1/999999-624967905781_1.jpg,3,Sold by Walmart,"Halal Beef, Water, Breadcrumbs (Wheat Flour, Contains Less Than 2 % Of Each Of The Following: Sugar, Yeast, Expeller Pressed Sunflower Oil, Salt), Spices, Salt, Dehydrated Onion, Tomato, Red Bell Pepper, Parsley, Garlic Powder, Soybean Oil.",Halal,Add to Cart; Find in Store,3.7,3,,
Walmart Canada,Frozen,Meatless Alternatives,walmart.ca,https://www.walmart.ca/en/ip/our-finest-bacon-wrapped-nova-scotian-sea-scallion/6000198459920,,320 g,"Walmart.ca > Grocery > Frozen Food > Frozen Meat, Seafood & Alternatives > Frozen Fish & Seafood",Our Finest,Our Finest Bacon Wrapped Nova Scotian Sea Scallion,SKU:6000198459921,UPC:62891575160,ID:6000198459920,Walmart Item #:31567557,$15.98,,,,$4.99/100GR,"These classic, easy to prepare appetizers feature a tantalizing combination of tender, wild caught sea scallops bundled with naturally smoked bacon. Our Finest premium quality ingredients and the best we have to offer, from our table to yours.",,"[{""Cut"":""Seafood""},{""Storage Type"":""Frozen""},{""Walmart Exclusive"":""Yes""},{""Clearout Deal"":""No""},{""Lifestyle\/Dietary Need"":""No artificials""}]",https://i5.walmartimages.ca/images/Enlarge/230/590/6000199230590.jpg | https://i5.walmartimages.ca/images/Enlarge/230/592/6000199230592.jpg | https://i5.walmartimages.ca/images/Enlarge/230/591/6000199230591.jpg | https://i5.walmartimages.ca/images/Enlarge/230/593/6000199230593.jpg,4,Sold by Walmart,"Scallops, bacon (pork, water, salt, sugar, sodium phosphate, sodium erythorbate, sodium nitrite, smoke).Contains: scallops.May contain: milk, eggs, fish, crustaceans, soy, wheat, mustard, sulphites.",No artificials,Add to Cart; Find in Store,5,1,,
Walmart Canada,Frozen,Meatless Alternatives,walmart.ca,https://www.walmart.ca/en/ip/ocean-dragon-milkfish-whole-round-580g/6000200224748,,580 g,"Walmart.ca > Grocery > Frozen Food > Frozen Meat, Seafood & Alternatives > Frozen Fish & Seafood",Ocean Dragon,"Ocean Dragon Milkfish, Whole Round 580g",SKU:6000200224749,UPC:5937180613,ID:6000200224748,Walmart Item #:30133182,$4.97,,,,$0.86/100GR,"Milk Fish, Whole Round.  Pan fry in butter or oil and season as desired.  Best served with rice and vegetables.  Keep frozen until ready to use.",,"[{""Product Type"":""Seafood""},{""Storage Type"":""Frozen""},{""Clearout Deal"":""No""},{""Lifestyle\/Dietary Need"":""No egg,No milk,No mustard,No sesame,No shellfish,No soy,No sulfite,No wheat,No lactose,No artificials,No added sugars,Paleo-friendly,Whole30-friendly""}]",https://i5.walmartimages.ca/images/Enlarge/783/875/6000201783875.jpg,1,Sold by Walmart,Milkfish.,"No egg,No milk,No mustard,No sesame,No shellfish,No soy,No sulfite,No wheat,No lactose,No artificials,No added sugars,Paleo-friendly,Whole30-friendly",Add to Cart; Find in Store,0,,,
Walmart Canada,Frozen,Meatless Alternatives,walmart.ca,https://www.walmart.ca/en/ip/aqua-star-oven-ready-mango-habanero-wild-cod/6000197881139,,Wild Caught Fillets 500g,"Walmart.ca > Grocery > Frozen Food > Frozen Meat, Seafood & Alternatives > Frozen Fish & Seafood",Aquastar,Aqua Star Oven Ready Mango Habanero Wild Cod,SKU:6000197881140,UPC:73114939427,ID:6000197881139,Walmart Item #:30147875,$9.97,,,,$1.99/100GR,"Aqua Star brand mango habanero cod, made with natural hand cut, skinless cod fillets.  Seasoned with a mango habanero panko breading and par fried but not fully cooked, to be completed in the oven.","- Oven Ready 
- 6 to 8 Fillets 
- MSC Certified 
- Medium Hot Spice","[{""Cut"":""Fillets""},{""Product Type"":""Seafood""},{""Storage Type"":""Frozen""},{""Clearout Deal"":""No""},{""Lifestyle\/Dietary Need"":""No egg,No milk,No sesame,No shellfish,No lactose,No artificials""}]",https://i5.walmartimages.ca/images/Enlarge/427/8_1/999999-731149394278_1.jpg | https://i5.walmartimages.ca/images/Enlarge/427/8_2/999999-731149394278_2.jpg | https://i5.walmartimages.ca/images/Enlarge/464/827/6000201464827.jpg | https://i5.walmartimages.ca/images/Enlarge/550/032/6000201550032.jpg | https://i5.walmartimages.ca/images/Enlarge/550/036/6000201550036.jpg,5,Sold by Walmart,"Cod, Toasted Wheat Crumbs with Spices, Water, Soybean Oil, Modified Corn Starch, Toasted Wheat Crumbs, Sugars (Sugar, Glucose Solids, Corn Maltodextrin, Dextrose), Wheat Flour, Dehydrated Mango (Sulphites), Salt, Modified Palm Oil, Wheat Gluten, Garlic Powder, Vegetable Oil (Canola &/or Sunflower), Onion Powder, Citric Acid, Dehydrated Habanero, Spices, Baking Powder, Pea Protein Isolate, Methylcellulose, Lemon Juice Concentrate, Natural Flavor, Yellow Corn Flour, Spice Extractives, Guar Gum. Allergen Warning: Contains fish (Cod), wheat, soy ingredients.","No egg,No milk,No sesame,No shellfish,No lactose,No artificials",Add to Cart; Find in Store,5,1,,
Walmart Canada,Frozen,Meatless Alternatives,walmart.ca,https://www.walmart.ca/en/ip/butchers-selection-stampede-honey-garlic-back-ribs/6000201672582,,,"Walmart.ca > Grocery > Frozen Food > Frozen Meat, Seafood & Alternatives > Frozen Pork",Butchers Selection,Butchers Selection Stampede Honey Garlic Back Ribs,SKU:6000201672583,UPC:82981091761,ID:6000201672582,Walmart Item #:30850604,$9.97,,,,$1.47/100GR,"Butcher's Selection fully cooked and seasoned BBQ Ribs.  Tender, fall-off-the-bone pork back ribs are ready-to-eat, straight from the oven or grill to your table.",,"[{""Product Type"":""Meals""},{""Singleserve"":""No""},{""Storage Type"":""Frozen""},{""Clearout Deal"":""No""},{""Lifestyle\/Dietary Need"":""No fish,No mustard,No sesame,No shellfish,No lactose,No artificials""}]",https://i5.walmartimages.ca/images/Enlarge/800/576/6000201800576.jpg | https://i5.walmartimages.ca/images/Enlarge/853/567/6000201853567.jpg,2,Sold by Walmart,"Pork, Water, Sugars (sugar, honey, blackstrap molasses),Tomato paste, Vinegar, Modifiied corn starch, Salt, Garlic powder, Sodium phosphate, Onion powder, Spices, Xanthan gum. May contain: Egg, Wheat, Soy, Milk.","No fish,No mustard,No sesame,No shellfish,No lactose,No artificials",Add to Cart; Find in Store,5,1,,
Walmart Canada,Frozen,Meatless Alternatives,walmart.ca,https://www.walmart.ca/en/ip/aqua-star-yellowfin-tuna/6000199496010,,Boneless and Skinless 454g,"Walmart.ca > Grocery > Frozen Food > Frozen Meat, Seafood & Alternatives > Frozen Fish & Seafood",Aquastar,Aqua Star Yellowfin Tuna,SKU:6000199496011,UPC:73114981305,ID:6000199496010,Walmart Item #:30871946,$5.97,,,,$1.31/100GR,"Yellowfin Tuna Portions. Skinless and boneless. Vacuum packed for longer shelf life.  Raw, to be cooked before consumption.","- Boneless 
- Skinless
- Vacuum Sealed to Lock Freshness","[{""Cut"":""Seafood""},{""Product Type"":""Seafood""},{""Singleserve"":""No""},{""Storage Type"":""Frozen""},{""Clearout Deal"":""No""},{""Lifestyle\/Dietary Need"":""N\/A""}]",https://i5.walmartimages.ca/images/Enlarge/260/446/6000200260446.jpg | https://i5.walmartimages.ca/images/Enlarge/463/631/6000201463631.jpg | https://i5.walmartimages.ca/images/Enlarge/579/406/6000201579406.jpg,3,Sold by Walmart,Yellowfin Tuna,N/A,Add to Cart; Find in Store,0,,,
Walmart Canada,Frozen,Meatless Alternatives,walmart.ca,https://www.walmart.ca/en/ip/mina-halal-chicken-wings-honey-garlic/6000197429065,,630 g,Walmart.ca > Grocery > Seasonal Holidays > Diwali Celebration > Diwali Meals,Mina,Mina Halal Chicken Wings Honey Garlic,SKU:6000197429066,UPC:6310029770,ID:6000197429065,Walmart Item #:31424710,$9.97,,,,$1.58/100GR,"Enjoy the delicious combination of sweet honey and spicy garlic with Mina® Halal Honey Garlic Chicken Wings. Our chickens are individually blessed and strictly Zabeeha by hand. Perfect as a quick meal addition or snack to keep on hand, these fully cooked and seasoned cut-up chicken wings are easy to heat and serve. The frozen chicken wings come with a honey garlic dipping sauce that the whole family will love. A proudly Canadian brand, Mina® strictly adheres to the most stringent halal process and is verified by the Halal Monitoring Authority (HMA).","FAMILY FAVOURITE: Fully cooked honey garlic chicken wings are a delicious meal addition or snack to savour with family and friends
ZABEEHA BY HAND: Chickens are Zabeeha by hand to ensure humane treatment
INCLUDES HONEY GARLIC SAUCE: Chicken wings come with honey garlic sauce packets for serving
NO ARTIFICIAL FLAVOURS OR COLOURS: Mina® brand products contain no artificial flavours or colours
COOK WITH CONFIDENCE: Certified by the Halal Monitoring Authority, Mina® brand strictly adheres to the most stringent halal process so our customers can cook with confidence","[{""Product Type"":""Wings""},{""Cut"":""Wings""},{""Storage Type"":""Frozen""},{""International Foods"":""Indian & South Asian""},{""International Foods"":""Middle Eastern""},{""Clearout Deal"":""No""},{""Lifestyle\/Dietary Need"":""Halal""}]",https://i5.walmartimages.ca/images/Enlarge/744/219/6000199744219.jpg | https://i5.walmartimages.ca/images/Enlarge/241/856/6000204241856.jpg | https://i5.walmartimages.ca/images/Enlarge/241/875/6000204241875.jpg | https://i5.walmartimages.ca/images/Enlarge/474/172/6000203474172.jpg,4,Sold by Walmart,"Chicken, water, sugar, salt, modified corn starch, sodium phosphate, fancy molasses, dried garlic, maltodextrin, flavour, honey, yeast extract, dried tomato, dried onions, ginger. SAUCE: sugar/glucose-fructose, water, honey, modified corn starch, vinegar, dried garlic, salt, molasses, caramel, potassium sorbate, sodium benzoate, flavour.",Halal,Add to Cart; Find in Store,4,3,,
Walmart Canada,Drinks,Soft Drinks/Sodas,walmart.ca,https://www.walmart.ca/en/ip/pepsi-zero-sugar-2l-bottle/6000016950908,,2L,Walmart.ca > Household Supplies & Pantry > Drinks > Soft Drinks > Cola,Pepsi,"Pepsi Zero Sugar, 2L Bottle",SKU:206937,UPC:6900001376,ID:6000016950908,Walmart Item #:9271646,$1.97,,,,$98.5/100LT,Pepsi® Zero Sugar  soft drink provides the bold taste of Pepsi® cola with zero sugar and zero calories. The perfect party sidekick - this 2 L bottle is ideal for sharing with family and friends.,"•Maximum taste of Pepsi® cola with zero sugar or calories.
•Perfect for any occasion or celebration.
•2 L bottle is ideal for sharing with family and friends.
•","[{""Flavour"":""Cola""},{""Singleserve"":""No""},{""Storage Type"":""Shelf""},{""Clearout Deal"":""No""},{""Lifestyle\/Dietary Need"":""No egg,No fish,No milk,No mustard,No sesame,No shellfish,No soy,No sulfite,No wheat,No lactose,Kosher,No added sugars,Vegan-friendly,Vegetarian-friendly""}]",https://i5.walmartimages.ca/images/Enlarge/013/762/999999-69000013762.jpg | https://i5.walmartimages.ca/images/Enlarge/376/2_1/999999-69000013762_1.jpg | https://i5.walmartimages.ca/images/Enlarge/929/755/6000201929755.jpg | https://i5.walmartimages.ca/images/Enlarge/374/623/6000203374623.jpg | https://i5.walmartimages.ca/images/Enlarge/849/642/6000201849642.jpg | https://i5.walmartimages.ca/images/Enlarge/62_/nft/69000013762_NFT.jpg | https://i5.walmartimages.ca/images/Enlarge/62_/nft/69000013762_NFT.jpg,7,Sold by Walmart,"CARBONATED WATER, CARAMEL COLOUR, PHOSPHORIC ACID, ASPARTAME (124 mg/355 mL, CONTAINS PHENYLALANINE), CAFFEINE, POTASSIUM SORBATE, NATURAL FLAVOUR, ACESULFAME POTASSIUM (32 mg/355 mL), CITRIC ACID, PANAX GINSENG ROOT EXTRACT.","No egg,No fish,No milk,No mustard,No sesame,No shellfish,No soy,No sulfite,No wheat,No lactose,Kosher,No added sugars,Vegan-friendly,Vegetarian-friendly",Add to Cart; Find in Store,4.2,21,,1
Walmart Canada,Frozen,Meatless Alternatives,walmart.ca,https://www.walmart.ca/en/ip/roman-cheese-12-italian-homestyle-meatballs-with-sauce/6000197218443,,908 g,"Walmart.ca > Grocery > Frozen Food > Frozen Meat, Seafood & Alternatives > Frozen Beef",Roman Cheese,Roman Cheese 12 Italian Homestyle Meatballs with Sauce,SKU:6000197218444,UPC:5832900149,ID:6000197218443,Walmart Item #:9129750,$6.57,,,,$0.72/100GR,"Roman Italian home-style meatballs with sauce is the ultimate survival kit to make so many dishes including spaghetti with meatballs, meatballs and rice or meatball sandwiches.",,"[{""Product Type"":""Other""},{""Storage Type"":""Frozen""},{""Clearout Deal"":""No""},{""Lifestyle\/Dietary Need"":""No fish,No sesame,No shellfish,No soy,No sulfite,No artificials""}]",https://i5.walmartimages.ca/images/Enlarge/001/499/999999-58329001499.jpg | https://i5.walmartimages.ca/images/Enlarge/nft/_en/58329001499_NFT_EN.jpg,2,Sold by Walmart,"SAUCE: Tomatoes (may contain calcium chloride and / or citric acid), water, canola oil, carrots, salt, onions, celery, sugar, romano cheese (sheep's milk, bacterial culture, rennet, salt) and/or parmesan cheese (milk, bacterial culture, salt, rennet and/or pesin and/or microbial enzyme, calcium chloride, lipase), garlic (garlic, canola oil, water, citric acid), oregano, black pepper. MEATBALLS: Beef, pork, ricotta cheese (whey, whole milk, salt, acetic acid), toasted wheat crumbs (wheat flour, durum flour, baking powder, yeast), concentrated whey protein, onions, whole eggs, romano cheese (sheep's milk, bacterial culture, rennet, salt), garlic (garlic, canola oil, water, citric acid), salt, parsley, black pepper. Contains: Milk, Eggs, Wheat","No fish,No sesame,No shellfish,No soy,No sulfite,No artificials",Add to Cart; Find in Store,5,2,,
Walmart Canada,Frozen,Meatless Alternatives,walmart.ca,https://www.walmart.ca/en/ip/searay-fish-ball-mix/6000203220962,,800g,"Walmart.ca > Grocery > Frozen Food > Frozen Meat, Seafood & Alternatives > Frozen Fish & Seafood",Searay Foods Inc.,Searay Fish Ball Mix,SKU:6000203220963,UPC:82751005014,ID:6000203220962,Walmart Item #:31705596,$8.87,,,,$1.11/100GR,"Searay Fish ball mix is pre-cooked then gets chilled immediately to preserve freshness. Fish ball is made from fish paste then rolled into the shape of a ball. Each fish ball has a smooth and springy texture. It is easily prepared, just thaw and serve. Perfect to use for barbecue, hotpot, and noodle soup.",,"[{""Product Type"":""Seafood""},{""Storage Type"":""Frozen""},{""Clearout Deal"":""No""},{""Lifestyle\/Dietary Need"":""""}]",https://i5.walmartimages.ca/images/Enlarge/355/164/6000203355164.jpg | https://i5.walmartimages.ca/images/Enlarge/355/168/6000203355168.jpg,2,Sold by Walmart,"Surimi (Threadfin Bream, Sugar, Egg White Powder, Sodium Polyphosphate), Cuttlefish Meat,Vegetable Oil (Palm, Soy), Corn Starch, Tapioca Starch,Salt, Modified Tapioca Starch, Sugar, Soy Protein Isolate, Monosodium Glutamate, Garlic, Natural Prawn Flavouring, Disodium 5'-Ribonucleotides, Paprika, Artificial Roasted Cuttlefish Flavouring.Contains:Fish, Eggs, Molluscs, Soy and Crustaceans.",,Add to Cart; Find in Store,0,,,
Walmart Canada,Frozen,Meatless Alternatives,walmart.ca,https://www.walmart.ca/en/ip/hara-bhara-kebab/6000197407376,,,Walmart.ca > Household Supplies & Pantry > International Foods > Middle Eastern,Nanak,Hara Bhara Kebab,SKU:6000197407377,UPC:79767771300,ID:6000197407376,Walmart Item #:31418735,$6.97,,,,$1.16/100GR,"Bite Size appetizers containing green vegetables, herbs and spices blended into a delightful recipe to tickle your taste buds.",,"[{""Cut"":""Other""},{""Storage Type"":""Frozen""},{""International Foods"":""Middle Eastern""},{""Clearout Deal"":""No""},{""Lifestyle\/Dietary Need"":""No egg,No fish,No sesame,No shellfish,No soy,No artificials,Halal,Vegetarian-friendly""}]",https://i5.walmartimages.ca/images/Enlarge/979/504/6000203979504.jpg | https://i5.walmartimages.ca/images/Enlarge/979/507/6000203979507.jpg,2,Sold by Walmart,"Spinach, Potatoes, Paneer (Milk, Modified Milk Ingredients, Citric Acid, Calcium Chloride, Potassium Sorbate [Preservative], Potato Starch, Xanthan Gum, Guar Gum), Bengal Gram Split, Green Peas, Onion, Ginger, Toasted Wheat Crumbs ([Wheat Flour Enriched With Niacin, Ferrous Sulphate, Thiamine Mononitrate, Riboflavin, Folic Acid], Sugar, Yeast, Salt), Green Chili, Cilantro, Garlic, Salt, Corn Starch, Cumin, Black Pepper, Red Chili, Carrageenan, Spices, Mango Powder, Mustard, Fried In Canola Oil. Allergen Warning: Contains milk, wheat gluten and mustard and is produced in a facility that uses nuts and sulfites.","No egg,No fish,No sesame,No shellfish,No soy,No artificials,Halal,Vegetarian-friendly",Add to Cart; Find in Store,0,,,
Walmart Canada,Frozen,Meatless Alternatives,walmart.ca,https://www.walmart.ca/en/ip/frozen-lamb-shoulder-rolls/6000203476500,,300g - 400g,"Walmart.ca > Grocery > Frozen Food > Frozen Meat, Seafood & Alternatives > Frozen Beef",Al Premium,Frozen Lamb Shoulder Rolls,SKU:6000203476501,UPC:62863496641,ID:6000203476500,Walmart Item #:31710963,$10,,,,$2.86/100GR,"The lamb shoulder is a cut from the top front of the legs of the lamb. It is a large cut ensuring that there is lean juicy meat, in addition, the marbling and the bone helps keep the meat's flavour intact and juicy. Thinly rolled lamb shoulders are most popularly found in stews, hotpots, soups, etc, because they bring out the flavour in dishes and are also extremely juicy no matter how it is eaten or prepared. Rolled lamb shoulders can be used to make these popular dishes: Jeongol, Shabu Shabu etc.",,"[{""Product Type"":""Beef""},{""Storage Type"":""Frozen""},{""Clearout Deal"":""No""},{""Lifestyle\/Dietary Need"":""""}]",https://i5.walmartimages.ca/images/Enlarge/675/853/6000203675853.jpg | https://i5.walmartimages.ca/images/Enlarge/675/854/6000203675854.jpg | https://i5.walmartimages.ca/images/Enlarge/589/354/6000203589354.jpg,3,Sold by Walmart,Lamb Shoulder,,Add to Cart; Find in Store,0,,,
Walmart Canada,Frozen,Meatless Alternatives,walmart.ca,https://www.walmart.ca/en/ip/great-value-breaded-chicken-fries/6000203402571,,1.13 kg,"Walmart.ca > Grocery > Frozen Food > Frozen Meat, Seafood & Alternatives > Frozen Chicken & Turkey",Great Value,Great Value Breaded Chicken Fries,SKU:6000203402572,UPC:62773501903,ID:6000203402571,Walmart Item #:31090183,$9,,,,$0.8/100GR,"Perfectly crunchy and addictive, Great Value™ Breaded Chicken Fries are a flavourful fan favourite. They're a dipping dream made from tender white meat with a crispy, golden breading-all in a convenient, resealable bag. Free from artificial flavours and colours, they're also super easy to prepare, making them perfect for parties, movie night or a quick afternoon snack. Simply cook and serve with lots of napkins and a selection of sauces for dipping, dunking and enjoying! 

Walmart’s Great Value™ product range brings Canadians household and pantry staples at great prices without sacrificing quality.
","• Resealable bag
• Breaded and fully cooked
• Free from artificial flavours and colours
• Made from white meat
• Keep frozen
• Made in Canada from imported and domestic ingredients
","[{""Product Type"":""Other""},{""Cut"":""Other""},{""Singleserve"":""No""},{""Storage Type"":""Frozen""},{""Walmart Exclusive"":""Yes""},{""Clearout Deal"":""No""},{""Lifestyle\/Dietary Need"":""""}]",https://i5.walmartimages.ca/images/Enlarge/185/360/6000204185360.jpg | https://i5.walmartimages.ca/images/Enlarge/185/382/6000204185382.jpg | https://i5.walmartimages.ca/images/Enlarge/185/382/6000204185382.jpg,3,Sold by Walmart,"Chicken breast, water, toasted wheat crumbs, modified corn starch, canola oil, enriched wheat flour, yellow corn flour, salt, soy protein isolate, wheat gluten, baking powder, guar gum, garlic powder, spice extracts. Contains: soy, wheat. May contain: eggs.",,Add to Cart; Find in Store,0,,,
Walmart Canada,Frozen,Meatless Alternatives,walmart.ca,https://www.walmart.ca/en/ip/butterball-seasoned-frozen-young-turkey/6000193605306,,7-9 kg,"Walmart.ca > Grocery > Frozen Food > Frozen Meat, Seafood & Alternatives > Frozen Chicken & Turkey",Butterball,Butterball Seasoned Frozen Young Turkey,SKU:6000193605307,"UPC:22206900000"",""22265300000",ID:6000193605306,Walmart Item #:9307372,$39.06,,,,$4.34/1KG,"Make any occasion a special occasion with a tender, juicy Butterball turkey. You don’t need a holiday to gather together the ones your love. For any family gathering…serve a delicious, roasted Butterball turkey. They’ll love you for it!",,"[{""Product Type"":""Whole""},{""Cut"":""Other""},{""Storage Type"":""Frozen""},{""Clearout Deal"":""No""},{""Lifestyle\/Dietary Need"":""N\/A""}]",https://i5.walmartimages.ca/images/Enlarge/152/308/6000204152308.jpg | https://i5.walmartimages.ca/images/Enlarge/152/884/6000204152884.jpg | https://i5.walmartimages.ca/images/Enlarge/152/879/6000204152879.jpg | https://i5.walmartimages.ca/images/Enlarge/152/886/6000204152886.jpg,4,Sold by Walmart,"Turkey, water, salt, sodium ascorbate, modified corn starch, natural flavour.",N/A,Add to Cart; Find in Store,0,,,1
Walmart Canada,Frozen,Meatless Alternatives,walmart.ca,https://www.walmart.ca/en/ip/frozen-pork-chop-steak/6000203476733,,950g - 1050g,"Walmart.ca > Grocery > Frozen Food > Frozen Meat, Seafood & Alternatives > Frozen Pork",Al Premium,Frozen Pork Chop Steak,SKU:6000203476734,UPC:62863496660,ID:6000203476733,Walmart Item #:31710968,$10,,,,$1/100GR,"Pork chops come from a section perpendicularly cut along the spine of a pig's ribs or part of a vertebra. It is very high in demand because it has no bones and is low in fat, not only that but it is loaded with flavour and is extremely juicy. In order to seal all the moisture and tenderness, using a meat thermometer when cooking would be the best way in order not to overcook or undercook it. Porkchop is extremely tasty once finding how to make them, some dishes that contain pork chops are Pork Vindaloo, Achari Pork, Jerk Pork with Caribbean Salsa, Caribbean Barbecued Pork Chop, Korean BBQ Pork Chop Steak, Gochujang Pork Chop etc.",1000g,"[{""Product Type"":""Pork""},{""Storage Type"":""Frozen""},{""Clearout Deal"":""No""},{""Lifestyle\/Dietary Need"":""""}]",https://i5.walmartimages.ca/images/Enlarge/675/924/6000203675924.jpg | https://i5.walmartimages.ca/images/Enlarge/675/925/6000203675925.jpg | https://i5.walmartimages.ca/images/Enlarge/588/888/6000203588888.jpg,3,Sold by Walmart,Pork Chop,,Add to Cart; Find in Store,0,,,
Walmart Canada,Frozen,Meatless Alternatives,walmart.ca,https://www.walmart.ca/en/ip/searay-pompano-golden/6000200576111,,700g-800g,Walmart.ca > Household Supplies & Pantry > International Foods > Chinese & East Asian,Searay Foods Inc.,Searay Pompano (Golden),SKU:6000200576112,"UPC:22466300000"",""82751000326",ID:6000200576111,Walmart Item #:31627460,$7.97,,,,$7.97/1EA,"GPOM700VP
POMPANO GOLDEN
UPC: 827510003266
Searay Golden Pompano is cleaned and individually vacuumed packed ready to cook anytime. It has a mild taste with a light texture. The meat is firm and has a white texture. Because the meat is firm, there are many ways of cooking like deep frying, grilling, steaming, and sautéing.",,"[{""Cut"":""Seafood""},{""Product Type"":""Seafood""},{""Storage Type"":""Frozen""},{""Clearout Deal"":""No""},{""Lifestyle\/Dietary Need"":""""}]",https://i5.walmartimages.ca/images/Enlarge/112/053/6000201112053.jpg | https://i5.walmartimages.ca/images/Enlarge/112/056/6000201112056.jpg,2,Sold by Walmart,Pompano,,Add to Cart; Find in Store,0,,,
Walmart Canada,Frozen,Meatless Alternatives,walmart.ca,https://www.walmart.ca/en/ip/ferma-frozen-red-fish/6000191283988,,sell quantity 750g,"Walmart.ca > Grocery > Frozen Food > Frozen Meat, Seafood & Alternatives > Frozen Fish & Seafood",Ferma,Ferma Frozen Red Fish,SKU:6000191283989,UPC:6227355233,ID:6000191283988,Walmart Item #:8306063,$7.97,,,,$1.06/100GR,"Frozen red fish is a great source of vitamin A, including omega-3 fatty acids.",great source of nutrients,"[{""Cut"":""Seafood""},{""Product Type"":""Seafood""},{""Singleserve"":""No""},{""Storage Type"":""Frozen""},{""International Foods"":""Portuguese""},{""International Foods"":""Brazilian""},{""International Foods"":""British""},{""International Foods"":""Caribbean""},{""International Foods"":""Chinese""},{""International Foods"":""Filipino""},{""International Foods"":""French""},{""International Foods"":""German""},{""International Foods"":""Indian & South Asian""},{""International Foods"":""Italian""},{""International Foods"":""Japanese""},{""International Foods"":""Korean""},{""International Foods"":""Mexican & Latin American""},{""International Foods"":""Middle Eastern""},{""Clearout Deal"":""No""},{""Lifestyle\/Dietary Need"":""N\/A""}]",https://i5.walmartimages.ca/images/Enlarge/552/334/62273552334.jpg,1,Sold by Walmart,Red Fish,N/A,Add to Cart; Find in Store,0,,,
Walmart Canada,Frozen,Meatless Alternatives,walmart.ca,https://www.walmart.ca/en/ip/one-world-halal-premium-all-beef-burgers/6000198575248,,681 g box-6 Burger Patties,Walmart.ca > Grocery > Seasonal Holidays > Diwali Celebration > Diwali Meals,Tandoori Oven,One World Halal - Premium All Beef Burgers,SKU:6000198575249,UPC:628451599883,ID:6000198575248,Walmart Item #:31584766,$8.97,,,,$1.32/100GR,All Beef Premium Burgers so juicy and tender!   All meat no fillers!  Only the best beef used in this premium burger!  Halal by hand.,"Halal By Hand
All Beef
No Fillers","[{""Cut"":""Burgers""},{""Product Type"":""Other""},{""Singleserve"":""No""},{""Storage Type"":""Frozen""},{""International Foods"":""Indian & South Asian""},{""International Foods"":""Middle Eastern""},{""Clearout Deal"":""No""},{""Lifestyle\/Dietary Need"":""""}]",https://i5.walmartimages.ca/images/Enlarge/537/014/6000200537014.jpg | https://i5.walmartimages.ca/images/Enlarge/537/017/6000200537017.jpg,2,Sold by Walmart,"Halal by hand beef, water, bread crumbs, soy protein, salt, spices, dextrose, onion, garlic, sunflower oil (mfg aid), spice extract.Contains: Wheat, Soy.",,Add to Cart; Find in Store,0,,,
Walmart Canada,Drinks,Coffee,walmart.ca,https://www.walmart.ca/en/ip/great-value-no-4-cone-coffee-filters/6000112370247,,Pack of 100,Walmart.ca > Household Supplies & Pantry > Drinks > Coffee > Filters & Accessories,Great Value,Great Value No. 4 Cone Coffee Filters,SKU:10252909,UPC:60538887359,ID:6000112370247,Walmart Item #:9232292,$2.27,,,,$0.02/1EA,"There's no need to spend a fortune for a great cup of coffee when you use affordable Great Value No. 4 Cone Filters with your BRAUN™, KRUPS®, MELITTA® or other machines that use No. 4 cone filters!","• Great Value No. 4 Cone Coffee Filters fit most standard coffeemakers requiring No. 4 cone filters.&nbsp; They are made with textured paper for superior filtration.&nbsp; The coffee filters absorb undesirable oils and acids.&nbsp; They eliminate gritty sediment while allowing the great coffee taste to come through.&nbsp;Great Value No. 4 Coffee Filters are tabbed for easy separation and opening.
• 100 filters
• 100% natural
• Made from 100% renewable resources
• 100% biodegradable
• White paper filters
• Lint free
• Provides superior coffee filtration
• Makes clear, flavourful coffee
• Suitable for No. 4 cone-style coffeemakers
• Separate easily
• Great to use when serving snacks
• Great to use for a variety of craft projects
• Great to clean glassware, fixtures, and windows
Assembled product dimensions: L 2.00 inches x W 7.50 inches x H 10.50 inches x W 0.44 pounds","[{""Flavour"":""Other""},{""Product Type"":""Other""},{""Singleserve"":""No""},{""Storage Type"":""Shelf""},{""Walmart Exclusive"":""Yes""},{""Lifestyle\/Dietary Need"":""""}]",https://i5.walmartimages.ca/images/Enlarge/873/590/605388873590.jpg,1,Sold by Walmart,n/a,,Add to Cart; Find in Store,4.6,18,,1
Walmart Canada,Frozen,Meatless Alternatives,walmart.ca,https://www.walmart.ca/en/ip/tandoori-oven-chicken-kebabs/6000200411255,,10 Chicken Kebabs - 600g,"Walmart.ca > Grocery > Frozen Food > Frozen Meat, Seafood & Alternatives > Frozen Beef",Tandoori Oven,Tandoori Oven - Chicken Kebabs,SKU:6000200411256,UPC:62845159933,ID:6000200411255,Walmart Item #:30439343,$9.97,,,,$1.66/100GR,"Tandoori Oven Chicken kebabs are perfectly spiced Halal by hand and full of flavour!   This package contains 10 full size kebabs.  Great for your whole family!

Cook from frozen until an internal temperature of 74ºC (165ºF) has been reached.","•Halal by Hand
•All meat no fillers and no preservatives!
•Feeds your whole family!","[{""Product Type"":""Ground""},{""Cut"":""Other""},{""Singleserve"":""No""},{""Storage Type"":""Frozen""},{""International Foods"":""Indian & South Asian""},{""International Foods"":""Middle Eastern""},{""Clearout Deal"":""No""},{""Lifestyle\/Dietary Need"":""""}]",https://i5.walmartimages.ca/images/Enlarge/326/491/6000201326491.jpg,1,Sold by Walmart,"Halal by hand ground chicken, spices, salt, chopped onion, chopped coriander.",,Add to Cart; Find in Store,0,,,
Walmart Canada,Frozen,Meatless Alternatives,walmart.ca,https://www.walmart.ca/en/ip/ocean-dragon-short-mackerel-hasa-hasa-454g/6000200215229,,454g,"Walmart.ca > Grocery > Frozen Food > Frozen Meat, Seafood & Alternatives > Frozen Fish & Seafood",Ocean Dragon,"Ocean Dragon Short Mackerel, Hasa-Hasa 454g",SKU:6000200215230,UPC:5937180611,ID:6000200215229,Walmart Item #:30043440,$3.97,,,,$0.87/100GR,"Short Mackerel, Hasa-Hasa, Whole, Gutted, Head-On, Wild Caught.   Pan fry in butter or oil and season as desired.  Best served with rice and vegetables.",,"[{""Product Type"":""Seafood""},{""Storage Type"":""Frozen""},{""Clearout Deal"":""No""},{""Lifestyle\/Dietary Need"":""No egg,No milk,No mustard,No sesame,No shellfish,No soy,No sulfite,No wheat,No lactose,No artificials,No added sugars,Paleo-friendly,Whole30-friendly""}]",https://i5.walmartimages.ca/images/Enlarge/783/850/6000201783850.jpg,1,Sold by Walmart,Short Mackerel.,"No egg,No milk,No mustard,No sesame,No shellfish,No soy,No sulfite,No wheat,No lactose,No artificials,No added sugars,Paleo-friendly,Whole30-friendly",Add to Cart; Find in Store,0,,,
Walmart Canada,Frozen,Meatless Alternatives,walmart.ca,https://www.walmart.ca/en/ip/sarangani-milkfish-baby-split-marinated-milkfish/6000197072614,,300 g,"Walmart.ca > Grocery > Frozen Food > Frozen Meat, Seafood & Alternatives > Frozen Fish & Seafood",Sarangani,Sarangani Milkfish Baby Split Marinated Milkfish,SKU:6000197072615,UPC:77431087820,ID:6000197072614,Walmart Item #:31095733,$5.28,,,,$1.51/100EA,Marinated Milkfish,,"[{""Cut"":""Other""},{""Product Type"":""Other""},{""Storage Type"":""Frozen""},{""International Foods"":""Filipino""},{""Clearout Deal"":""No""},{""Lifestyle\/Dietary Need"":""""}]",https://i5.walmartimages.ca/images/Enlarge/878/207/999999-774310878207.jpg,1,Sold by Walmart,"Milkfish, vinegar, garlic, salt and black pepper.",,Add to Cart; Find in Store,0,,,
Walmart Canada,Frozen,Meatless Alternatives,walmart.ca,https://www.walmart.ca/en/ip/great-value-southern-style-cod/6000204134120,,515 g,"Walmart.ca > Grocery > Frozen Food > Frozen Meat, Seafood & Alternatives > Frozen Fish & Seafood",Great Value,Great Value Southern-Style Cod,SKU:6000204134121,UPC:62773522158,ID:6000204134120,Walmart Item #:30771433,$9.97,,,,,"Get your hook (and fork!) ready to reel in Great Value™ Southern-Style Cod. These wild caught, sustainably sourced fillets are delicately coated in a seasoned and crispy, southern-style coating on the outside, while the cod stays mild, tender and flaky on the inside. Perfect for pairing with coleslaw, a squeeze of lemon, and a cob of corn! Best part: it’s ready in just 20 minutes! 

Free from preservatives, artificial flavours and colours, and with 14 g of protein per serving, Great Value™ Southern-Style Cod is a dish the whole family will love. 

Walmart’s Great Value™ product range brings Canadians household and pantry staples at great prices without sacrificing quality.","• Wild caught, MSC-certified sustainably sourced
• Minimum 6 pieces per package
• Free from preservatives, artificial flavours and colours
• Uncooked
• Keep frozen
• Made in Canada from imported and domestic ingredients","[{""Cut"":""Seafood""},{""Product Type"":""Seafood""},{""Singleserve"":""No""},{""Storage Type"":""Frozen""},{""Walmart Exclusive"":""Yes""},{""Clearout Deal"":""No""},{""Lifestyle\/Dietary Need"":""""}]",https://i5.walmartimages.ca/images/Enlarge/182/842/6000204182842.jpg | https://i5.walmartimages.ca/images/Enlarge/182/840/6000204182840.jpg | https://i5.walmartimages.ca/images/Enlarge/182/841/6000204182841.jpg | https://i5.walmartimages.ca/images/Enlarge/182/841/6000204182841.jpg,4,Sold by Walmart,"Cod, water, enriched wheat flour, toasted wheat crumbs, modified corn starch, soybean oil, corn flour, flavour, salt, onion powder, garlic powder, yeast extract, spices, black pepper, baking soda, sugar, sodium acid pyrophosphate, soy, flour, monocalcium phosphate, guar gum. Contains: cod, wheat, soy. May contain: eggs.",,Add to Cart; Find in Store,0,,,
Walmart Canada,Frozen,Meatless Alternatives,walmart.ca,https://www.walmart.ca/en/ip/great-value-breaded-fish-burgers/6000203217230,,520 g,"Walmart.ca > Grocery > Frozen Food > Frozen Meat, Seafood & Alternatives > Frozen Fish & Seafood",Great Value,Great Value Breaded Fish Burgers,SKU:6000203217231,UPC:62773522155,ID:6000203217230,Walmart Item #:31699196,$6.97,,,,$1.34/100GR,"Wild caught in the North Pacific Ocean, get your hook (and hands!) ready to reel in Great Value™ Breaded Fish Burgers. Sustainably sourced, moist, flaky Alaskan Pollock is delicately coated in a crunchy breading, perfect for pairing with coleslaw, a squeeze of lemon, and a toasted bun. Free from preservatives, artificial flavours and colours, and with 12 g of protein per serving, it's a refreshing and tasty twist on burger night. 

Walmart’s Great Value™ product line brings Canadians household and pantry staples at great prices without sacrificing quality.
","• Breaded Alaskan pollock burgers
• Minimum 7 fish burgers
• Sustainably sourced
• Free from preservatives, artificial flavours and colours
• Uncooked
• Keep frozen, cook from frozen
• Made in Canada from imported and domestic ingredients
","[{""Cut"":""Burgers""},{""Product Type"":""Seafood""},{""Singleserve"":""No""},{""Storage Type"":""Frozen""},{""Walmart Exclusive"":""Yes""},{""Clearout Deal"":""No""},{""Lifestyle\/Dietary Need"":""""}]",https://i5.walmartimages.ca/images/Enlarge/235/038/6000204235038.jpg | https://i5.walmartimages.ca/images/Enlarge/235/037/6000204235037.jpg | https://i5.walmartimages.ca/images/Enlarge/235/036/6000204235036.jpg | https://i5.walmartimages.ca/images/Enlarge/235/036/6000204235036.jpg,4,Sold by Walmart,"Pollock, toasted wheat crumbs, canola and soybean oil, water, enriched wheat flour, modified corn starch, corn starch, yellow corn flour, sugars (sugar, dextrose, corn maltodextrin), salt, onion powder, autolyzed yeast extract, baking powder, soy flour, spices, garlic powder, soy sauce powder, paprika. Contains: pollock, wheat, soy. May contain: tree nuts, sesame, milk, eggs, crustaceans, shellfish, mustard, sulphites.",,Add to Cart; Find in Store,0,,,
Walmart Canada,Frozen,Meatless Alternatives,walmart.ca,https://www.walmart.ca/en/ip/great-value-roasted-garlic-herb-breaded-fish-fillets/6000203217279,,500 g,"Walmart.ca > Grocery > Frozen Food > Frozen Meat, Seafood & Alternatives > Frozen Fish & Seafood",Great Value,Great Value Roasted Garlic & Herb Breaded Fish Fillets,SKU:6000203217280,UPC:62773522156,ID:6000203217279,Walmart Item #:31699193,$6.97,,,,$1.39/100GR,"Wild caught in the North Pacific Ocean, get your hook (and fork!) ready to reel in Great Value™ Roasted Garlic & Herb Breaded Fish Fillets. Sustainably sourced, tender, flaky Alaskan Pollock is delicately coated in a crispy breading, seasoned with a hint of roasted garlic and select herbs and bakes in under 25 minutes. Free from preservatives, artificial flavours and colours, and with 8 g of protein per serving, it's a dish the whole family will love. 

Walmart’s Great Value™ product line brings Canadians household and pantry staples at great prices without sacrificing quality.
","• Breaded seasoned Alaskan pollock fillets
• Minimum 10 fish fillets
• Sustainably sourced
• Free from preservatives, artificial flavours and colours
• Uncooked
• Keep frozen, cook from frozen
• Made in Canada from imported and domestic ingredients
","[{""Cut"":""Fillets""},{""Product Type"":""Seafood""},{""Singleserve"":""No""},{""Storage Type"":""Frozen""},{""Walmart Exclusive"":""Yes""},{""Clearout Deal"":""No""},{""Lifestyle\/Dietary Need"":""""}]",https://i5.walmartimages.ca/images/Enlarge/235/145/6000204235145.jpg | https://i5.walmartimages.ca/images/Enlarge/235/146/6000204235146.jpg | https://i5.walmartimages.ca/images/Enlarge/235/035/6000204235035.jpg | https://i5.walmartimages.ca/images/Enlarge/235/035/6000204235035.jpg,4,Sold by Walmart,"Pollock, toasted wheat crumbs, water, canola and sunflower oil, modified corn starch, enriched wheat flour, sugar, yellow corn flour, salt, dehydrated roasted garlic, dehydrated onion, baking powder, sodium phosphate, herbs, natural flavour, sodium aluminum phosphate. Contains: pollock, wheat. May contain: tree nuts, sesame, milk, eggs, crustaceans, shellfish, soy, mustard, sulphites.",,Add to Cart; Find in Store,0,,,
Walmart Canada,Frozen,Pizzas,walmart.ca,https://www.walmart.ca/en/ip/daiya-deliciously-dairy-free-supreme-pizza-with-meatless-sausage-and-vegetables/6000195938327,,550 g,Walmart.ca > Grocery > Frozen Food > Frozen Pizza,Daiya,Daiya Deliciously Dairy-Free Supreme Pizza with Meatless Sausage And Vegetables,SKU:6000195938328,UPC:87145900282,ID:6000195938327,Walmart Item #:31258935,$8.97,,,,$1.63/100GR,"True to its name, our supreme pizza has something for everyone. Gourmet meatless sausage from Beyond Meat, colorful peppers and onions and our mouth-watering Mozzarella Style Shreds. It’s a true feast for the senses atop a crispy, artisanal, gluten-free crust.  Free from: dairy, gluten, soy, eggs, peanuts, tree nuts, fish and shellfish.\\",,"[{""Product Type"":""Vegetarian""},{""Storage Type"":""Frozen""},{""Lifestyle\/Dietary Need"":""Gluten-free,No egg,No fish,No milk,No sesame,No shellfish,No soy,No sulfite,No wheat,No lactose""}]",https://i5.walmartimages.ca/images/Enlarge/729/189/6000202729189.jpg | https://i5.walmartimages.ca/images/Enlarge/729/192/6000202729192.jpg,2,Sold by Walmart,"Gluten-free crust (water, tapioca starch, rice flour, potato starch, chickpea flour, milled flaxseed, rice starch, olive oil, cane sugar, yeast, sea salt, psyllium, chicory root extract, xanthan gum, locust bean gum), Cutting Board collection mozza flavoured shreds (filtered water, tapioca starch, coconut oil, expeller pressed: canola and/or safflower oil, vegan natural flavours, chickpea protein, salt, potato protein, tricalcium phosphate, lactic acid (vegan), konjac gum, xanthan gum, yeast extract, concentrated pumpkin juice (colour)), Tomato basil sauce (water, tomatoes, olive oil, basil, black pepper, garlic, oregano, salt), Crimini mushrooms, Beyond Meat Italian sausage flavoured crumbles (water, pea protein, expeller pressed: canola and sunflower oil, yeast extract, spices, tapioca maltodextrin, salt, garlic, vegan natural flavour, citric acid, acacia gum, paprika extract (colour)), Onions, Green bell peppers, Red bell peppers.","Gluten-free,No egg,No fish,No milk,No sesame,No shellfish,No soy,No sulfite,No wheat,No lactose",Add to Cart; Find in Store,3.7,3,,
Walmart Canada,Frozen,Meatless Alternatives,walmart.ca,https://www.walmart.ca/en/ip/great-value-english-style-chips-and-fish/6000203218205,,550 g,"Walmart.ca > Grocery > Frozen Food > Frozen Meat, Seafood & Alternatives > Frozen Fish & Seafood",Great Value,Great Value English-Style Chips and Fish,SKU:6000203218206,UPC:62773522154,ID:6000203218205,Walmart Item #:31699191,$6.97,,,,$1.27/100GR,"Wild caught in the North Pacific Ocean, get your hook (and fork!) ready to reel in Great Value™ English-Style Chips and Fish. Sustainably sourced, tender, flaky Alaskan Pollock is delicately coated in a traditional English-style batter and conveniently perfectly paired with delicious, crispy chips. Free from preservatives, artificial flavours and colours, it's ready in under 30 minutes; just add a squeeze of lemon, a dash of malt vinegar, and enjoy! 

Walmart’s Great Value™ product line brings Canadians household and pantry staples at great prices without sacrificing quality.
","• Chips and battered Alaskan pollock fillets
• Minimum 4 fish fillets
• Sustainably sourced
• Free from preservatives, artificial flavours and colours
• Uncooked
• Keep frozen, cook from frozen
• Made in Canada from imported and domestic ingredients
","[{""Cut"":""Fillets""},{""Product Type"":""Seafood""},{""Singleserve"":""No""},{""Storage Type"":""Frozen""},{""Walmart Exclusive"":""Yes""},{""Clearout Deal"":""No""},{""Lifestyle\/Dietary Need"":""""}]",https://i5.walmartimages.ca/images/Enlarge/235/024/6000204235024.jpg | https://i5.walmartimages.ca/images/Enlarge/235/040/6000204235040.jpg | https://i5.walmartimages.ca/images/Enlarge/235/039/6000204235039.jpg | https://i5.walmartimages.ca/images/Enlarge/235/039/6000204235039.jpg,4,Sold by Walmart,"Potatoes, pollock, water, canola oil, toasted wheat crumbs, enriched wheat flour, modified corn starch, yellow corn flour, salt, sodium phosphate, corn starch, baking powder, annatto, caramel, spices, soy protein, sugar, modified milk ingredients, autolyzed yeast extract, garlic powder, onion powder, turmeric extract. Contains: pollock, wheat, soy, milk. May contain: tree nuts, sesame, eggs, crustaceans, shellfish, mustard, sulphites.",,Add to Cart; Find in Store,0,,,
Walmart Canada,Frozen,Meatless Alternatives,walmart.ca,https://www.walmart.ca/en/ip/great-value-crispy-chicken-fries-popcorn-chicken-value-pack/6000203402565,,1.2 kg,"Walmart.ca > Grocery > Frozen Food > Frozen Meat, Seafood & Alternatives > Frozen Chicken & Turkey",Great Value,Great Value Crispy Chicken Fries & Popcorn Chicken (Value Pack),SKU:6000203402566,UPC:62773501910,ID:6000203402565,Walmart Item #:31090179,$9.97,,,,$0.83/100GR,"There's a party in this box, and everyone is invited! Great Value™ Crispy Chicken Fries & Popcorn Chicken (Value Size) combines two fantastic finger food favourites in every pack. Featuring tender white meat chicken and crispy, golden breading, these savoury bites are free from artificial flavours and colours and are super easy to prepare. Simply cook and serve with lots of napkins and a selection of sauces for dipping, dunking and enjoying. 

Walmart’s Great Value™ product range brings Canadians household and pantry staples at great prices without sacrificing quality.

","• Breaded and fully cooked
• Free from artificial flavours and colours
• Made from white meat
• Keep frozen
• Made in Canada from imported and domestic ingredients
","[{""Product Type"":""Other""},{""Cut"":""Other""},{""Singleserve"":""No""},{""Storage Type"":""Frozen""},{""Walmart Exclusive"":""Yes""},{""Clearout Deal"":""No""},{""Lifestyle\/Dietary Need"":""""}]",https://i5.walmartimages.ca/images/Enlarge/185/374/6000204185374.jpg | https://i5.walmartimages.ca/images/Enlarge/185/373/6000204185373.jpg | https://i5.walmartimages.ca/images/Enlarge/185/389/6000204185389.jpg | https://i5.walmartimages.ca/images/Enlarge/185/389/6000204185389.jpg,4,Sold by Walmart,"Chicken breast, water, toasted wheat crumbs, modified corn starch, canola oil, enriched wheat flour, yellow corn flour, salt, soy protein isolate, wheat gluten, baking powder, guar gum, garlic powder, spice extracts. Contains: soy, wheat. May contain: eggs.",,Add to Cart; Find in Store,0,,,
Walmart Canada,Frozen,Meatless Alternatives,walmart.ca,https://www.walmart.ca/en/ip/great-value-crispy-popcorn-chicken/6000203402568,,1.13 g,"Walmart.ca > Grocery > Frozen Food > Frozen Meat, Seafood & Alternatives > Frozen Chicken & Turkey",Great Value,Great Value Crispy Popcorn Chicken,SKU:6000203402569,UPC:62773501902,ID:6000203402568,Walmart Item #:31090181,$9,,,,$0.8/100GR,"Perfectly crunchy and addictive, Great Value™ Crispy Popcorn Chicken is a flavourful fan favourite. They're a bite-sized dipping dream made from tender white meat with a crispy golden breading with a hint of pepper-all in a convenient, resealable bag. Free from artificial flavours and colours, they're also super easy to prepare, making them perfect for parties, movie night or a quick afternoon snack. Simply cook and serve with lots of napkins and a selection of sauces for dipping, dunking and enjoying.

Walmart’s Great Value™ product range brings Canadians household and pantry staples at great prices without sacrificing quality.

","• Resealable bag
• Breaded and fully cooked
• Free from artificial flavours and colours
• Made from white meat
• Keep frozen
• Made in Canada from imported and domestic ingredients

","[{""Product Type"":""Other""},{""Cut"":""Nuggets & Bites""},{""Singleserve"":""No""},{""Storage Type"":""Frozen""},{""Walmart Exclusive"":""Yes""},{""Clearout Deal"":""No""},{""Lifestyle\/Dietary Need"":""""}]",https://i5.walmartimages.ca/images/Enlarge/185/359/6000204185359.jpg | https://i5.walmartimages.ca/images/Enlarge/185/381/6000204185381.jpg | https://i5.walmartimages.ca/images/Enlarge/185/381/6000204185381.jpg,3,Sold by Walmart,"Chicken breast, water, toasted wheat crumbs, enriched wheat flour, modified corn starch, canola oil, yellow corn flour, salt, soy protein isolate, baking powder, wheat gluten, spices and spice extracts, sugars (dextrose), guar gum, garlic powder. Contains: soy, wheat. May contain: eggs.",,Add to Cart; Find in Store,0,,,
Walmart Canada,Frozen,Meatless Alternatives,walmart.ca,https://www.walmart.ca/en/ip/great-value-chicken-burgers/6000203402547,,"8 burgers, 800 g","Walmart.ca > Grocery > Frozen Food > Frozen Meat, Seafood & Alternatives > Frozen Chicken & Turkey",Great Value,Great Value Chicken Burgers,SKU:6000203402548,UPC:62773501904,ID:6000203402547,Walmart Item #:31090167,$4.97,,,,$0.62/100GR,"Terrific and tender, get your hands on Great Value™ Chicken Burgers. Each patty is made with all white meat, seasoned and breaded. Free from artificial colours and flavours, these juicy burgers are ready for the oven whenever you are. And since they cook in under 20 minutes, they're the perfect quick and simple answer to \""\""what's for dinner (or lunch)?\""\"" Serve with an array of condiments, toppings and side dishes for a tasty and easy-to-prepare meal. 

Walmart’s Great Value™ product range brings Canadians household and pantry staples at great prices without sacrificing quality.","• 8 burgers per package
• Breaded and fully cooked
• Free from artificial flavours and colours
• Made from white meat
• Keep frozen
• Made in Canada from imported and domestic ingredients","[{""Product Type"":""Other""},{""Singleserve"":""No""},{""Storage Type"":""Frozen""},{""Walmart Exclusive"":""Yes""},{""Clearout Deal"":""No""},{""Lifestyle\/Dietary Need"":""""}]",https://i5.walmartimages.ca/images/Enlarge/185/362/6000204185362.jpg | https://i5.walmartimages.ca/images/Enlarge/185/361/6000204185361.jpg | https://i5.walmartimages.ca/images/Enlarge/185/383/6000204185383.jpg | https://i5.walmartimages.ca/images/Enlarge/185/383/6000204185383.jpg,4,Sold by Walmart,"Chicken breast, water, toasted wheat crumbs, modified corn starch, canola oil, enriched wheat flour, yellow corn flour, salt, soy protein isolate, wheat gluten, baking powder, guar gum, garlic powder, spice extracts. Contains: soy, wheat. May contain: eggs.",,Add to Cart; Find in Store,0,,,
Walmart Canada,Drinks,Soft Drinks/Sodas,walmart.ca,https://www.walmart.ca/en/ip/brisk-lemon-iced-tea-2l-bottle/6000196027120,,2L,Walmart.ca > Grocery > Drinks > Soft Drinks > Other Soft Drinks,Brisk,"Brisk Lemon Iced Tea, 2L Bottle",SKU:6000196027121,UPC:6900001563,ID:6000196027120,Walmart Item #:9237511,$1.97,,,,$0.1/100ML,Brisk® Lemon Iced Tea is a refreshing iced tea with a bold lemon flavour. Perfect to satisfy your thirst or to enjoy with food. This 2 L bottle is great for sharing with friends.,"•Bold, refreshing iced tea with lemon flavour.
•Satisfy your thirst or enjoy with food.
•2 L is perfect for sharing with friends.
•","[{""Flavour"":""Other""},{""Singleserve"":""No""},{""Storage Type"":""Shelf""},{""Clearout Deal"":""No""},{""Lifestyle\/Dietary Need"":""No egg,No fish,No milk,No mustard,No sesame,No shellfish,No soy,No sulfite,No wheat,No lactose,Kosher,Vegan-friendly,Vegetarian-friendly""}]",https://i5.walmartimages.ca/images/Enlarge/015/636/999999-69000015636.jpg | https://i5.walmartimages.ca/images/Enlarge/563/6_1/999999-69000015636_1.jpg | https://i5.walmartimages.ca/images/Enlarge/850/397/6000201850397.jpg | https://i5.walmartimages.ca/images/Enlarge/702/644/6000203702644.jpg | https://i5.walmartimages.ca/images/Enlarge/850/399/6000201850399.jpg | https://i5.walmartimages.ca/images/Enlarge/36_/nft/69000015636_NFT.jpg | https://i5.walmartimages.ca/images/Enlarge/36_/nft/69000015636_NFT.jpg,7,Sold by Walmart,"WATER, GLUCOSE-FRUCTOSE AND/OR SUGAR, CITRIC ACID, SODIUM HEXAMETAPHOSPHATE, TEA POWDER, NATURAL FLAVOUR, PHOSPHORIC ACID, SODIUM BENZOATE, POTASSIUM SORBATE, ACESULFAME POTASSIUM (25mg/355 mL), SUCRALOSE (11mg/355 mL), CALCIUM DISODIUM EDTA.","No egg,No fish,No milk,No mustard,No sesame,No shellfish,No soy,No sulfite,No wheat,No lactose,Kosher,Vegan-friendly,Vegetarian-friendly",Add to Cart; Find in Store,5,2,,
Walmart Canada,Frozen,Pizzas,walmart.ca,https://www.walmart.ca/en/ip/dr-oetker-giuseppe-pizzeria-easy-pizzi-pepperoni-bacon-pizza/6000202673277,,600g,Walmart.ca > Grocery > Frozen Food > Frozen Pizza,Dr.Oetker,Dr. Oetker Giuseppe Pizzeria Easy Pizzi Pepperoni & Bacon Pizza,SKU:6000202673278,UPC:5833685132,ID:6000202673277,Walmart Item #:31158637,$5.97,,,,$199/100GR,"r. Oetker Giuseppe Pizzeria Easy Pizzi Pepperoni + Bacon is a rectangle shape snack pizza that's easy to eat! Made with a pizzeria inspired tomato sauce and topped with mouthwatering Pepperoni and bacon.
• Topped with mouthwatering pepperoni and bacon
• Rectangle shape snack pizza that’s easy to eat!
• Cook Time: 11-13 minutes",,"[{""Product Type"":""Pepperoni""},{""Storage Type"":""Frozen""},{""Clearout Deal"":""No""},{""Lifestyle\/Dietary Need"":""No egg,No fish,No mustard,No sesame,No shellfish,No sulfite,No artificials""}]",https://i5.walmartimages.ca/images/Enlarge/799/273/6000202799273.jpg,1,Sold by Walmart,"Enriched wheat flour (barley), Water, Part skim mozzarella cheese (partly skimmed milk, bacterial culture, salt, microbial enzyme), Tomato paste, Pepperoni, Bacon, Sugar, Soya oil, Salt, Yeast, Corn starch, Spices and herbs, Garlic powder, Natural flavour. Contains: Wheat, Barley, Milk.","No egg,No fish,No mustard,No sesame,No shellfish,No sulfite,No artificials",Add to Cart; Find in Store,0,,,
Walmart Canada,Frozen,Meatless Alternatives,walmart.ca,https://www.walmart.ca/en/ip/great-value-chicken-burgers-value-size/6000203402550,,1.5 kg,"Walmart.ca > Grocery > Frozen Food > Frozen Meat, Seafood & Alternatives > Frozen Chicken & Turkey",Great Value,Great Value Chicken Burgers (Value Size),SKU:6000203402551,UPC:62773501905,ID:6000203402550,Walmart Item #:31090169,$8.97,,,,$0.6/100GR,"Terrific and tender, get your hands on Great Value™ Chicken Burgers (Value Size) in a convenient larger package. Each patty is made with all white meat, seasoned and breaded. Free from artificial colours and flavours, these juicy burgers are ready for the oven whenever you are. And since they cook in under 20 minutes, they're the perfect quick and simple answer to \""what's for dinner (or lunch)?\"" Serve with an array of condiments, toppings and side dishes for a tasty and easy-to-prepare meal. 

Walmart’s Great Value™ product range brings Canadians household and pantry staples at great prices without sacrificing quality.
","• 15 burgers per package
• Breaded and fully cooked
• Free from artificial flavours and colours
• Made from white meat
• Keep frozen
• Made in Canada from imported and domestic ingredients
","[{""Product Type"":""Other""},{""Cut"":""Burgers""},{""Singleserve"":""No""},{""Storage Type"":""Frozen""},{""Walmart Exclusive"":""Yes""},{""Clearout Deal"":""No""},{""Lifestyle\/Dietary Need"":""""}]",https://i5.walmartimages.ca/images/Enlarge/185/364/6000204185364.jpg | https://i5.walmartimages.ca/images/Enlarge/185/363/6000204185363.jpg | https://i5.walmartimages.ca/images/Enlarge/185/384/6000204185384.jpg | https://i5.walmartimages.ca/images/Enlarge/185/384/6000204185384.jpg,4,Sold by Walmart,"Chicken breast, water, toasted wheat crumbs, modified corn starch, canola oil, enriched wheat flour, yellow corn flour, salt, soy protein, isolate wheat gluten, baking powder, guar gum, garlic powder, spice extracts. Contains: soy, wheat. May contain: eggs.",,Add to Cart; Find in Store,0,,,
Walmart Canada,Drinks,Soft Drinks/Sodas,walmart.ca,https://www.walmart.ca/en/ip/diet-pepsi-caffeine-free-cola-355ml-cans-12-pack/6000094559858,,12x355mL,Walmart.ca > Household Supplies & Pantry > Drinks > Soft Drinks > Diet Cola,Pepsi,"Diet Pepsi Caffeine Free Cola, 355mL cans, 12 Pack",SKU:10212638,UPC:6900020428,ID:6000094559858,Walmart Item #:9238932,$5.47,,,,$0.13/100ML,"Caffeine Free Diet Pepsi® soft drink provides the great taste of Pepsi® cola with no caffeine and zero calories. Light, crisp and refreshing flavour. This 12-pack of 355 mL cans is ideal for sharing with family and friends.","• Caffeine Free Diet Pepsi® cola
• The great taste of Pepsi® cola with no caffeine and zero calories.
• Light, crisp and refreshing flavour.
• 12-pack of 355 mL cans is ideal for sharing with family and friends.","[{""Flavour"":""Cola""},{""Singleserve"":""No""},{""Storage Type"":""Shelf""},{""Clearout Deal"":""No""},{""Lifestyle\/Dietary Need"":""No egg,No fish,No milk,No mustard,No sesame,No shellfish,No soy,No sulfite,No wheat,No lactose,Kosher,No added sugars,Vegan-friendly,Vegetarian-friendly""}]",https://i5.walmartimages.ca/images/Enlarge/204/283/999999-69000204283.jpg | https://i5.walmartimages.ca/images/Enlarge/929/565/6000201929565.jpg | https://i5.walmartimages.ca/images/Enlarge/929/585/6000201929585.jpg | https://i5.walmartimages.ca/images/Enlarge/929/594/6000201929594.jpg | https://i5.walmartimages.ca/images/Enlarge/469/317/6000203469317.jpg | https://i5.walmartimages.ca/images/Enlarge/469/319/6000203469319.jpg | https://i5.walmartimages.ca/images/Enlarge/469/319/6000203469319.jpg,7,Sold by Walmart,"CARBONATED WATER, CARAMEL COLOUR, PHOSPHORIC ACID, ASPARTAME (124 mg/355 mL, CONTAINS PHENYLALANINE), SODIUM BENZOATE, NATURAL FLAVOUR, ACESULFAME POTASSIUM (32 mg/355 mL), CITRIC ACID, DIMETHYLPOLYSILOXANE.","No egg,No fish,No milk,No mustard,No sesame,No shellfish,No soy,No sulfite,No wheat,No lactose,Kosher,No added sugars,Vegan-friendly,Vegetarian-friendly",Add to Cart; Find in Store,5,1,,
Walmart Canada,Frozen,Pizzas,walmart.ca,https://www.walmart.ca/en/ip/dr-oetker-momenti-pepperoni/6000201029328,,170g,Walmart.ca > Grocery > Frozen Food > Frozen Pizza,Dr.Oetker,Dr. Oetker Momenti Pepperoni,SKU:6000201029329,UPC:5833643900,ID:6000201029328,Walmart Item #:30385571,$3.77,,,,$377/100GR,"Introducing Momenti, made just for me! 

Perfect for a light meal or snack, Momenti Pepperoni is a delicious personal sized pizza that's quick and easy to prepare, contains no artificial flavours or colours, and is only 420 calories per serving!",,"[{""Product Type"":""Pepperoni""},{""Storage Type"":""Frozen""},{""Lifestyle\/Dietary Need"":""""}]",https://i5.walmartimages.ca/images/Enlarge/290/654/6000201290654.jpg,1,Sold by Walmart,"Crust: Enriched wheat flour, water, canola oil, yeast, sugar, salt, barley malt extract, acetylated tartaric acid esters of mono and diglycerides, monocalcium phosphate, guar gum, baking soda, dicalcium phosphate, palm oil, calcium citrate, enzymes (amylase, pentosanase), ascorbic acidTomato Sauce: Tomato puree, water, tomato paste, olive oil, sugar, modified cornstarch, herbs, salt, garlic, spicesCheese: Edam and mozzarella cheese (milk, salt, bacterial culture, microbial enzyme, calcium chloride)Toppings: Pepperoni (pork, salt, spices, dextrose, water, onion powder, spice extracts, garlic powder, ascorbic acid, bacterial culture, sodium ascorbate, sodium nitrite, smoke), herbsContains : Wheat, Barley, Milk",,Add to Cart; Find in Store,3.7,3,,
Walmart Canada,Drinks,Soft Drinks/Sodas,walmart.ca,https://www.walmart.ca/en/ip/sprite-222ml-mini-cans-6-pack/6000002759549,,6 x 222 mL,Walmart.ca > Household Supplies & Pantry > Drinks > Soft Drinks > Other Soft Drinks,Sprite,Sprite 222mL Mini-Cans 6 Pack,SKU:10280632,UPC:6700010986,ID:6000002759549,Walmart Item #:9240126,$2.97,,,,$0.22/100ML,"Life is an adventure. Who needs a map when the challenge of figuring it all out is half the fun? In those moments when everything becomes clearer, you’ll know you were on the right path all along. Whether you’re thirsty for more, or questioning everything, Sprite is on your side. 

It’s the lemon-lime flavoured soft drink that’s perfectly crisp, and always clear. Sprite is the zero caffeine soda that ignites your senses to keep you on your toes with its cool, satisfying, and refreshing citrus taste. It’s a crisp fizz that doesn’t compromise, and refreshes on its own terms. When it comes to lemon-lime flavoured drinks, choose the one and only Sprite.
   
Sprite never fails to deliver exactly what it promises, every single time. It’s the crisp and delicious, lemon-lime refreshment that always hits like the truth. After 50 years Sprite isn’t a trendsetter; it’s a classic, and always will be. So when you’re ready to drop the filters and get real with your soft drink choice, grab a Sprite.","The OG Sprite, lemon-lime flavoured soda for bold personalities
Made with 100% natural flavours united in the iconic lemon-lime taste
Caffeine-free sparkling beverage
Crisp, cool, mouthwatering citrus taste
222 mL per can","[{""Flavour"":""Citrus""},{""Singleserve"":""No""},{""Storage Type"":""Refrigerate""},{""Clearout Deal"":""No""},{""Lifestyle\/Dietary Need"":""No egg,No fish,No milk,No mustard,No sesame,No shellfish,No soy,No sulfite,No wheat,No lactose,No artificials,Kosher,Vegan-friendly,Vegetarian-friendly""}]",https://i5.walmartimages.ca/images/Enlarge/750/614/750614.jpg | https://i5.walmartimages.ca/images/Enlarge/061/4_1/750614_1.jpg | https://i5.walmartimages.ca/images/Enlarge/114/498/6000200114498.jpg | https://i5.walmartimages.ca/images/Enlarge/114/579/6000200114579.jpg | https://i5.walmartimages.ca/images/Enlarge/114/524/6000200114524.jpg | https://i5.walmartimages.ca/images/Enlarge/114/458/6000200114458.jpg | https://i5.walmartimages.ca/images/Enlarge/192/723/6000200192723.jpg | https://i5.walmartimages.ca/images/Enlarge/192/749/6000200192749.jpg | https://i5.walmartimages.ca/images/Enlarge/192/625/6000200192625.jpg,9,Sold by Walmart,"CARBONATED WATER, SUGAR/GLUCOSE-FRUCTOSE, CITRIC ACID, SODIUM CITRATE, NATURAL FLAVOUR, SODIUM BENZOATE.","No egg,No fish,No milk,No mustard,No sesame,No shellfish,No soy,No sulfite,No wheat,No lactose,No artificials,Kosher,Vegan-friendly,Vegetarian-friendly",Add to Cart; Find in Store,0,,,
Walmart Canada,Drinks,Soft Drinks/Sodas,walmart.ca,https://www.walmart.ca/en/ip/schweppes-ginger-ale-6-x-222-ml-mini-cans/6000192739606,,6x222mL,Walmart.ca > Household Supplies & Pantry > Drinks > Soft Drinks > Other Soft Drinks,Schweppes,"Schweppes Ginger Ale, 6 x 222 mL mini cans",SKU:6000192739607,UPC:1660000010,ID:6000192739606,Walmart Item #:31093691,$2.67,,,,$0.2/100ML,"Nothing quenches thirst quite like the refreshingly crisp, bright ginger flavour of Schweppes* Ginger Ale, a taste tradition since 1783. This convenient 6-pack of 222 mL mini cans is ideal for sharing bubbles of fun!","• 6 x 222 mL mini cans
• Versatile mixer
• Bright, refreshing ginger taste
• Perfect for get-togethers","[{""Flavour"":""Ginger Ale""},{""Singleserve"":""No""},{""Storage Type"":""Shelf""},{""Clearout Deal"":""No""},{""Lifestyle\/Dietary Need"":""No egg,No fish,No milk,No mustard,No sesame,No shellfish,No soy,No sulfite,No wheat,No lactose,Vegan-friendly,Vegetarian-friendly""}]",https://i5.walmartimages.ca/images/Enlarge/879/441/6000202879441.jpg | https://i5.walmartimages.ca/images/Enlarge/879/447/6000202879447.jpg | https://i5.walmartimages.ca/images/Enlarge/374/319/6000203374319.jpg | https://i5.walmartimages.ca/images/Enlarge/886/153/6000202886153.jpg | https://i5.walmartimages.ca/images/Enlarge/886/153/6000202886153.jpg,5,Sold by Walmart,"CARBONATED WATER, SUGAR/GLUCOSE-FRUCTOSE, CITRIC ACID, SODIUM BENZOATE, COLOUR, NATURAL FLAVOUR.","No egg,No fish,No milk,No mustard,No sesame,No shellfish,No soy,No sulfite,No wheat,No lactose,Vegan-friendly,Vegetarian-friendly",Add to Cart; Find in Store,4.3,43,,
Walmart Canada,Drinks,Coffee,walmart.ca,https://www.walmart.ca/en/ip/great-value-instant-coffee/6000187054022,,200 g,Walmart.ca > Household Supplies & Pantry > Drinks > Coffee > Instant Coffee,Great Value,Great Value Instant Coffee,SKU:6000187054023,UPC:60538887804,ID:6000187054022,Walmart Item #:9286927,$2.97,,,,$1.49/100GR,"Great Value Instant Coffee, 200 g",• 100% coffee,"[{""Flavour"":""Other""},{""Product Type"":""Other""},{""Decaffeinated"":""No""},{""Singleserve"":""No""},{""Storage Type"":""Shelf""},{""Walmart Exclusive"":""Yes""},{""Clearout Deal"":""No""},{""Lifestyle\/Dietary Need"":""N\/A""}]",https://i5.walmartimages.ca/images/Enlarge/664/243/6000197664243.jpg,1,Sold by Walmart,100% coffee,N/A,Add to Cart; Find in Store,4.4,26,,1
Walmart Canada,Frozen,Pizzas,walmart.ca,https://www.walmart.ca/en/ip/delissio-thin-crispy-crust-canadian-pizza-520-g/6000201003763,,520 GR,Walmart.ca > Grocery > Frozen Food > Frozen Pizza,Delissio,DELISSIO® Thin Crispy Crust Canadian Pizza 520 g,SKU:6000201003764,UPC:7192100436,ID:6000201003763,Walmart Item #:30228666,$4.97,,,,$497/100GR,"We all know that crispiness is irresistible. So, why not have more of what we love? DELISSIO® Thin Crispy Crust Canadian Pizza is crispier than ever – with its thin crust topped by the national favourite blend of bacon, pepperoni slices, mushrooms, and creamy part-skim mozzarella. Each bite is packed with mouth-watering deliciousness and ooey-gooey cheesiness. Each square-shaped pizza is easy to slice and made with only high-quality ingredients, and no artificial flavours. You’re guaranteed to satisfy your perfect pizza craving every time you open the oven door. After all, IT’S NOT DELIVERY. IT’S DELISSIO®!","• Canada’s favourite blend of pizza toppings – pepperoni, bacon, and mushrooms – all on top of a thin, extra-crispy crust
• New crispier crust!
• Made with only high-quality ingredients
• Contains no artificial flavours, only pure tastiness
• Cooks great on the BBQ for a delicious summertime meal","[{""Product Type"":""Canadian""},{""Storage Type"":""Frozen""},{""Clearout Deal"":""No""},{""Lifestyle\/Dietary Need"":""""}]",https://i5.walmartimages.ca/images/Enlarge/058/558/6000201058558.jpg | https://i5.walmartimages.ca/images/Enlarge/058/559/6000201058559.jpg | https://i5.walmartimages.ca/images/Enlarge/058/561/6000201058561.jpg | https://i5.walmartimages.ca/images/Enlarge/058/562/6000201058562.jpg | https://i5.walmartimages.ca/images/Enlarge/918/451/6000203918451.jpg | https://i5.walmartimages.ca/images/Enlarge/058/563/6000201058563.jpg | https://i5.walmartimages.ca/images/Enlarge/058/563/6000201058563.jpg,7,Sold by Walmart,"Crust (Wheat Flour, Water, Modified Palm Oil, Toasted Wheat Crumbs, Corn Oil, Yeast, Salt, Sugar, Baking Soda, Sodium Aluminophosphate, Flavour, Carotene), Sauce (Water, Tomato Paste, Corn Oil, Salt, Sugar, Spices, Herbs), Part-Skim Mozzarella Cheese (Partly Skimmed Milk, Bacterial Culture, Salt, Microbial Enzyme), Mushroom, Pepperoni (Mustard), Bacon, Salt.",,Add to Cart; Find in Store,4,19,,
Walmart Canada,Frozen,Pizzas,walmart.ca,https://www.walmart.ca/en/ip/auntie-annes-classic-pretzel-nuggets/6000202718541,,,Walmart.ca > Grocery > Frozen Food > Frozen Pizza,SuperPretzels,Auntie Anne's Classic Pretzel Nuggets,SKU:6000202718542,UPC:89507230343,ID:6000202718541,Walmart Item #:31165237,$3.57,,,,$1.3/100GR,"Auntie Anne's Pretzel Nuggets, entice your taste buds with a warm buttery pretzel dough and an aroma that is heavenly.  Auntie Anne's Pretzel Nuggets are available in a microwaveable pouch, just add butter and salt, microwave, and you're ready!",,"[{""Product Type"":""Other""},{""Storage Type"":""Frozen""},{""Clearout Deal"":""No""},{""Lifestyle\/Dietary Need"":""""}]",https://i5.walmartimages.ca/images/Enlarge/789/127/6000202789127.jpg,1,Sold by Walmart,"Ingredients: Nuggets: Enriched wheat flour, Water, Brown sugar, Dough conditioner [wheat flour, gum arabic, salt, mono- and diglycerides, enzymes, ascorbic acid, vegetable protein (corn-based), soybean oil, cellulose gum, guar gum], yeast, salt, calcium propionate, natural flavour, bicarbonate of soda, carbonates of soda; Salt packet: salt; Butter flavour packet: Anhydrous butter oil, natural flavour [whey, butter oil, corn syrup solids, salt, guar gum, annatto, turmeric (colour)].Contains: Milk, Soy, Wheat.",,Add to Cart; Find in Store,4,4,,
Walmart Canada,Drinks,Coffee,walmart.ca,https://www.walmart.ca/en/ip/lavazza-gran-aroma-medium-roast-specialty-ground-coffee/6000192174774,,340 g,Walmart.ca > Household Supplies & Pantry > Drinks > Coffee > Coffee Beans,Lavazza,Lavazza Gran Aroma Medium Roast Specialty Ground Coffee,SKU:6000192174775,UPC:4195307505,ID:6000192174774,Walmart Item #:30073562,$9.97,,,,$2.93/100GR,"Gran Aroma is a balanced, highly aromatic blend of premium 100% Arabica beans with a floral aroma and citrusy flavour profile. Ideal for the true coffee connoisseur.","• 100% Arabica
• Suitable for use in all type of coffee makers","[{""Flavour"":""Other""},{""Product Type"":""Medium Roast""},{""Decaffeinated"":""No""},{""Singleserve"":""No""},{""Storage Type"":""Shelf""},{""International Foods"":""Italian""},{""Clearout Deal"":""No""},{""Lifestyle\/Dietary Need"":""No egg,No fish,No milk,No mustard,No sesame,No shellfish,No soy,No sulfite,No wheat,No lactose,No artificials,No added sugars,Paleo-friendly,Vegan-friendly,Vegetarian-friendly,Whole30-friendly""}]",https://i5.walmartimages.ca/images/Enlarge/075/059/999999-041953075059.jpg | https://i5.walmartimages.ca/images/Enlarge/482/541/6000202482541.jpg | https://i5.walmartimages.ca/images/Enlarge/482/540/6000202482540.jpg,3,Sold by Walmart,GROUND COFFEE,"No egg,No fish,No milk,No mustard,No sesame,No shellfish,No soy,No sulfite,No wheat,No lactose,No artificials,No added sugars,Paleo-friendly,Vegan-friendly,Vegetarian-friendly,Whole30-friendly",Add to Cart; Find in Store,4.4,9,,
Walmart Canada,Frozen,Pizzas,walmart.ca,https://www.walmart.ca/en/ip/great-value-thin-crust-margherita-pizza/6000199206809,,373 g,Walmart.ca > Grocery > Frozen Food > Frozen Pizza,Great Value,Great Value Thin Crust Margherita Pizza,SKU:6000199206810,UPC:62891582897,ID:6000199206809,Walmart Item #:30747877,$3.27,,,,$327/100GR,"No matter how you slice it, Great Value Thin Crust Margherita Pizza delivers outstanding flavour and incredible quality in every box. Enjoy every delicious bite of this thin crust pizza topped with tomato sauce, mozzarella and edam cheeses, and ripe, perfectly seasoned tomatoes with basil. Pizza night has never been so easy!","• Made with Mozzarella & edam cheeses, tomatoes & basil
• Cook time: 13 minutes
• Made in Canada from domestic and imported ingredients
• Free from artificial flavours and colours","[{""Product Type"":""Cheese""},{""Storage Type"":""Frozen""},{""Walmart Exclusive"":""Yes""},{""Lifestyle\/Dietary Need"":""No artificials,Vegetarian-friendly""}]",https://i5.walmartimages.ca/images/Enlarge/794/958/6000199794958.jpg | https://i5.walmartimages.ca/images/Enlarge/897/9_1/628915828979_1.jpg | https://i5.walmartimages.ca/images/Enlarge/79_/nft/628915828979_NFT.jpg,3,Sold by Walmart,"Crust: enriched wheat flour, water, canola oil, yeast, sugar, salt, guar gum. Toppings: mozzarella cheese (part skim milk, modified milk ingredients, bacterial culture, salt, calcium chloride, microbial enzyme), seasoned tomatoes (tomatoes, basil, extra virgin olive oil, salt, garlic powder, dried oregano), edam cheese (milk, bacterial culture, salt, calcium chloride, microbial enzyme). Sauce: water, crushed tomatoes, extra virgin olive oil, sugar, salt, garlic powder, vinegar, spice, onion powder.Contains: milk, wheat. May contain: eggs, soy, mustard.","No artificials,Vegetarian-friendly",Add to Cart; Find in Store,4,1,,
Walmart Canada,Frozen,Pizzas,walmart.ca,https://www.walmart.ca/en/ip/dr-oetker-giuseppe-pizzeria-rising-crust-deluxe/6000198536443,,785 g,Walmart.ca > Grocery > Frozen Food > Frozen Pizza,Dr.Oetker,Dr. Oetker Giuseppe Pizzeria Rising Crust Deluxe,SKU:6000198536444,UPC:5833625021,ID:6000198536443,Walmart Item #:30539448,$5.97,,,,$597/100GR,"Indulge in a hearty combination of ingredients with Italian sausage, pepperoni made with natural ingredients, green and red bell peppers, red onions and black olives.",,"[{""Product Type"":""Deluxe""},{""Storage Type"":""Frozen""},{""Clearout Deal"":""No""},{""Lifestyle\/Dietary Need"":""No egg,No fish,No sesame,No shellfish,No sulfite,No artificials""}]",https://i5.walmartimages.ca/images/Enlarge/063/343/6000200063343.jpg,1,Sold by Walmart,"CRUST: ENRICHED WHEAT FLOUR, WATER, YEAST, MODIFIED PALM OIL, WHEAT GLUTEN, SUGAR, SALT, MONOCALCIUM PHOSPHATE, BARLEY MALT EXTRACT, BAKING SODA, ACETYLATED TARTARIC ACID ESTERS OF MONO AND DIGLYCERIDES, DICALCIUM PHOSPHATE, GUAR GUM, HYDROGENATED CANOLA OIL, CANOLA OIL, CALCIUM CITRATE, ASCORBIC ACID, PENTOSANASE, AMYLASE TOPPINGS: ITALIAN SAUSAGE (PORK, SPICES, WATER, SALT, SUGAR, SPICE EXTRACT, NATURAL FLAVOUR), PEPPERONI (PORK, SALT, SPICES, DEXTROSE, WATER, ONION POWDER, SPICE EXTRACT, GARLIC POWDER, ASCORBIC ACID, SODIUM NITRITE, BACTERIAL CULTURE, SODIUM ASCORBATE, SMOKE), GREEN BELL PEPPERS, RED BELL PEPPERS, RED ONIONS, BLACK OLIVES CHEESE: MOZZARELLA CHEESE (MILK, BACTERIAL CULTURE, SALT, MICROBIAL ENZYME, CALCIUM CHLORIDE) SAUCE: TOMATO PUREE, WATER, SUGAR, SOYA OIL, CORN STARCH, SALT, SPICES, GARLIC POWDER, ONION POWDER, HERBS CONTAINS: WHEAT, BARLEY, MILK","No egg,No fish,No sesame,No shellfish,No sulfite,No artificials",Add to Cart; Find in Store,5,1,,
Walmart Canada,Frozen,Pizzas,walmart.ca,https://www.walmart.ca/en/ip/dr-oetker-momenti-spinach/6000201029325,,180g,Walmart.ca > Grocery > Frozen Food > Frozen Pizza,Dr.Oetker,Dr. Oetker Momenti Spinach,SKU:6000201029326,UPC:5833643950,ID:6000201029325,Walmart Item #:30385570,$3.77,,,,$377/100GR,"Introducing Momenti, made just for me! 

Perfect for a light meal or snack, Momenti Spinach is a delicious personal sized pizza that's quick and easy to prepare, contains no artificial flavours or colours, and is only 410 calories per serving!",,"[{""Product Type"":""Vegetarian""},{""Storage Type"":""Frozen""},{""Clearout Deal"":""No""},{""Lifestyle\/Dietary Need"":""""}]",https://i5.walmartimages.ca/images/Enlarge/290/664/6000201290664.jpg,1,Sold by Walmart,"Crust: Enriched wheat flour, water, canola oil, yeast, sugar, salt, barley malt extract, acetylated tartaric acid esters of mono and diglycerides, monocalcium phosphate, guar gum, baking soda, dicalcium phosphate, palm oil, calcium citrate, enzymes (amylase, pentosanase), ascorbic acidSauce: Sour cream (cream, bacterial culture), water, yogurt (milk, bacterial culture), blue cheese (milk, salt, bacterial cultures, microbial enzyme, mold culture, lipase, calcium chloride), canola oil, modified cornstarch, salt, sugar, wheat flour, spices, garlicToppings: Spinach, white cheese (milk, salt, microbial enzyme, bacterial culture), grilled onions, tomatoes, olive oil, Romano cheese made with sheep's milk (pasteurized sheep´s milk, salt, microbial enzyme, bacterial culture), salt, garlic, spices, spice extractContains : Wheat, Barley, Milk",,Add to Cart; Find in Store,4.3,3,,
Walmart Canada,Drinks,Coffee,walmart.ca,https://www.walmart.ca/en/ip/our-finest-french-vanilla-naturally-flavoured-ground-coffee/6000201760423,,340 g,Walmart.ca > Household Supplies & Pantry > Drinks > Coffee > Ground Coffee,Our Finest,Our Finest French Vanilla Naturally Flavoured Ground Coffee,SKU:6000201760424,UPC:62773501282,ID:6000201760423,Walmart Item #:30804693,$6.97,,,,$2.05/100GR,"Our Finest™ French Vanilla Naturally Flavoured Ground Coffee: Inspired by the love of exceptional food, Our Finest™ is a collection of outstanding products crafted from superior recipes using premium ingredients. With the irresistible aroma and slight sweetness of vanilla, Our Finest™ French Vanilla Naturally Flavoured Ground Coffee is a blend of 100% arabica beans sourced from South America. Each cup of this light to medium roast is full-bodied, velvety smooth and perfectly exquisite.","• Light-medium roast
• 100 % Arabica coffee
• Ground coffee","[{""Product Type"":""Ground""},{""Decaffeinated"":""No""},{""Singleserve"":""No""},{""Storage Type"":""Shelf""},{""Walmart Exclusive"":""Yes""},{""Clearout Deal"":""No""},{""Lifestyle\/Dietary Need"":""""}]",https://i5.walmartimages.ca/images/Enlarge/012/827/627735012827.jpg,1,Sold by Walmart,"Arabica coffee, natural flavour.",,Add to Cart; Find in Store,0,,,
Walmart Canada,Drinks,Coffee,walmart.ca,https://www.walmart.ca/en/ip/tim-hortons-fine-grind-coffee/6000187769640,,930 g,Walmart.ca > Household Supplies & Pantry > Drinks > Coffee > Ground Coffee,Tim Hortons,Tim Hortons Fine Grind Coffee,SKU:6000187769641,UPC:6320907227,ID:6000187769640,Walmart Item #:30002657,$16.94,,,,$1.82/100GR,"Description - The great taste of Tim Hortons Fine Grind Coffee - available at home in a conveniently sized 930 g can for day after day of fresh flavour. Our classic coffee delivers rich, mellow flavour. The secret to our great coffee comes from using our own special blend of 100% Arabica beans. Perfect for use in your Tim Hortons Home Brewer or filter drip coffee maker.",,"[{""Flavour"":""Unflavoured""},{""Product Type"":""Medium Roast""},{""Decaffeinated"":""No""},{""Singleserve"":""No""},{""Storage Type"":""Shelf""},{""Clearout Deal"":""No""},{""Lifestyle\/Dietary Need"":""No egg,No fish,No milk,No mustard,No sesame,No shellfish,No soy,No sulfite,No wheat,No lactose,No artificials,No added sugars,Paleo-friendly,Vegan-friendly,Vegetarian-friendly,Whole30-friendly""}]",https://i5.walmartimages.ca/images/Enlarge/078/971/6000201078971.jpg,1,Sold by Walmart,Arabica coffee.,"No egg,No fish,No milk,No mustard,No sesame,No shellfish,No soy,No sulfite,No wheat,No lactose,No artificials,No added sugars,Paleo-friendly,Vegan-friendly,Vegetarian-friendly,Whole30-friendly",Add to Cart; Find in Store,4.7,94,,1
Walmart Canada,Frozen,Pizzas,walmart.ca,https://www.walmart.ca/en/ip/dr-oetker-momenti-tomato-mozzarella/6000201029331,,185g,Walmart.ca > Grocery > Frozen Food > Frozen Pizza,Dr.Oetker,Dr. Oetker Momenti Tomato & Mozzarella,SKU:6000201029332,UPC:5833643920,ID:6000201029331,Walmart Item #:30385572,$3.77,,,,$377/100GR,"Introducing Momenti, made just for me! 

Perfect for a light meal or snack, Momenti Tomato & Mozzarella is a delicious personal sized pizza that's quick and easy to prepare, contains no artificial flavours or colours, and is only 400 calories per serving!",,"[{""Product Type"":""Vegetarian""},{""Storage Type"":""Frozen""},{""Lifestyle\/Dietary Need"":""""}]",https://i5.walmartimages.ca/images/Enlarge/290/659/6000201290659.jpg,1,Sold by Walmart,"Crust: Enriched wheat flour, water, canola oil, yeast, sugar, salt, barley malt extract, acetylated tartaric acid esters of mono and diglycerides, monocalcium phosphate, guar gum, baking soda, dicalcium phosphate, palm oil, calcium citrate, enzymes (amylase, pentosanase), ascorbic acidToppings: Tomatoes, dried marinated tomatoes (dried tomatoes, sunflower oil, salt, garlic, herbs, citric acid), pesto sauce (canola oil, water, herbs, spinach, modified cornstarch, garlic, mono and diglycerides, salt, spice, sugar, lemon juice concentrate, hydrolysed corn and canola protein, maltodextrin, citric acid, caramelized sugar, spice extract), herbsTomato Sauce: Tomato puree, water, tomato paste, olive oil, sugar, modified cornstarch, salt, herbs, spice, garlicCheese: Mozzarella cheese (milk, salt, microbial enzyme, bacterial culture)Contains: Wheat, Barley, Milk",,Add to Cart; Find in Store,4.3,3,,
Walmart Canada,Frozen,Pizzas,walmart.ca,https://www.walmart.ca/en/ip/daiya-deliciously-dairy-free-cheese-lovers-pizza/6000195938321,,444 g,Walmart.ca > Grocery > Frozen Food > Frozen Pizza,Daiya,Daiya Deliciously Dairy-Free Cheese Lover's Pizza,SKU:6000195938322,UPC:87145900232,ID:6000195938321,Walmart Item #:31258933,$8.97,,,,$2.02/100GR,"A delicious combination of a crispy gluten-free crust, zesty tomato sauce, and our dairy-free Mozzarella and Cheddar Style Shreds. It’s pizza perfection at its best and soon it will be the favorite at your family table. Free from: dairy, gluten, soy, eggs, peanuts, tree nuts, fish and shellfish.",,"[{""Product Type"":""Cheese""},{""Storage Type"":""Frozen""},{""Lifestyle\/Dietary Need"":""Gluten-free,No egg,No fish,No sesame,No shellfish,No soy,No sulfite,No wheat,Vegetarian-friendly""}]",https://i5.walmartimages.ca/images/Enlarge/720/514/6000202720514.jpg | https://i5.walmartimages.ca/images/Enlarge/720/519/6000202720519.jpg | https://i5.walmartimages.ca/images/Enlarge/720/524/6000202720524.jpg,3,Sold by Walmart,"Gluten-free crust (water, tapioca starch, rice flour, potato starch, chickpea flour, milled flaxseed, rice starch, olive oil, cane sugar, yeast, sea salt, psyllium, chicory root extract, xanthan gum, locust bean gum), Cutting Board collection cheddar and mozza flavoured shreds (filtered water, tapioca starch, coconut oil, expeller pressed: canola and/or safflower oil, vegan natural flavours, chickpea protein, salt, potato protein, tricalcium phosphate, lactic acid (vegan), konjac gum, xanthan gum, yeast extract, annatto   (colour), turmeric (colour), concentrated pumpkin juice (colour), inactive yeast, potassium chloride), Tomato basil sauce (water, tomatoes, olive oil, basil, black pepper, garlic, oregano, salt).","Gluten-free,No egg,No fish,No sesame,No shellfish,No soy,No sulfite,No wheat,Vegetarian-friendly",Add to Cart; Find in Store,3.3,3,,1
Walmart Canada,Drinks,Soft Drinks/Sodas,walmart.ca,https://www.walmart.ca/en/ip/crush-grape12-x-355-ml-cans/6000188741879,,12x355mL,Walmart.ca > Household Supplies & Pantry > Drinks > Soft Drinks > Other Soft Drinks,Crush,Crush Grape—12 x 355 mL cans,SKU:6000188741880,UPC:5600000684,ID:6000188741879,Walmart Item #:9238960,$5.47,,,,$0.13/100ML,Crush* Grape washes over your taste buds in a brilliant burst of grape goodness! This convenient 12-pack of 355 mL cans is a grape escape from the ordinary.,"• 12 x 355 mL cans
• A grape escape
• Part of the Crush* family of fun flavours","[{""Flavour"":""Grape""},{""Singleserve"":""No""},{""Storage Type"":""Shelf""},{""Clearout Deal"":""No""},{""Lifestyle\/Dietary Need"":""No egg,No fish,No milk,No mustard,No sesame,No shellfish,No soy,No sulfite,No wheat,No lactose,Vegan-friendly,Vegetarian-friendly""}]",https://i5.walmartimages.ca/images/Enlarge/006/849/999999-56000006849.jpg | https://i5.walmartimages.ca/images/Enlarge/374/529/6000203374529.jpg | https://i5.walmartimages.ca/images/Enlarge/374/530/6000203374530.jpg | https://i5.walmartimages.ca/images/Enlarge/374/531/6000203374531.jpg | https://i5.walmartimages.ca/images/Enlarge/374/534/6000203374534.jpg | https://i5.walmartimages.ca/images/Enlarge/374/534/6000203374534.jpg,6,Sold by Walmart,"CARBONATED WATER, SUGAR/GLUCOSE-FRUCTOSE, CITRIC ACID, NATURAL AND ARTIFICIAL FLAVOUR, SODIUM BENZOATE, COLOUR.","No egg,No fish,No milk,No mustard,No sesame,No shellfish,No soy,No sulfite,No wheat,No lactose,Vegan-friendly,Vegetarian-friendly",Add to Cart; Find in Store,0,,,
Walmart Canada,Drinks,Soft Drinks/Sodas,walmart.ca,https://www.walmart.ca/en/ip/diet-pepsi-222ml-cans-15-pack/6000197311036,,15x222mL,Walmart.ca > Household Supplies & Pantry > Drinks > Soft Drinks > Diet Cola,Pepsi,"Diet Pepsi, 222mL Cans, 15 Pack",SKU:6000197311037,UPC:6900016021,ID:6000197311036,Walmart Item #:30343225,$5.67,,,,$0.17/100ML,"Diet Pepsi® soft drink is a bold, refreshing, robust cola, with zero calories. Perfect for parties, meals and celebrations big and small. This 15-pack of 222 mL sleek cans is ideal for sharing with family and friends, and great for portion control.","•Crisp, refreshing, great tasting cola with zero calories.
•Perfect for any occasion or celebration.
•15-pack of 222 mL sleek cans is ideal for sharing and great for portion control.
•","[{""Flavour"":""Cola""},{""Singleserve"":""No""},{""Storage Type"":""Shelf""},{""Clearout Deal"":""No""},{""Lifestyle\/Dietary Need"":""N\/A""}]",https://i5.walmartimages.ca/images/Enlarge/416/743/6000198416743.jpg | https://i5.walmartimages.ca/images/Enlarge/416/733/6000198416733.jpg | https://i5.walmartimages.ca/images/Enlarge/394/452/6000202394452.jpg | https://i5.walmartimages.ca/images/Enlarge/849/650/6000201849650.jpg | https://i5.walmartimages.ca/images/Enlarge/849/651/6000201849651.jpg | https://i5.walmartimages.ca/images/Enlarge/394/454/6000202394454.jpg | https://i5.walmartimages.ca/images/Enlarge/394/454/6000202394454.jpg,7,Sold by Walmart,"CARBONATED WATER, CARAMEL COLOUR, PHOSPHORIC ACID, ASPARTAME (207 mg/591mL), CONTAINS PHENYLALANINE), SODIUM BENZOATE, CAFFEINE, NATURAL FLAVOUR, ACESULFAME POTASSIUM (53 mg/591 mL), CITRIC ACID.",N/A,Add to Cart; Find in Store,4.5,21,,
Walmart Canada,Frozen,Pizzas,walmart.ca,https://www.walmart.ca/en/ip/pillsbury-crispy-crust-cheese-pizza/6000191367817,,278 g,Walmart.ca > Grocery > Frozen Food > Frozen Pizza,Pillsbury,Pillsbury Crispy Crust Cheese Pizza,SKU:6000191367818,UPC:6970044875,ID:6000191367817,Walmart Item #:31287522,$1.98,,,,$0.71/100GR,"Ditch the takeout and enjoy pepperoni pizza your way! Perfect for the toaster oven, our Crispy Crust Pizza tastes delicious every time.","• Easy to make in the toaster oven – crisp and golden!
• Fun for the whole family to make!
• Customise your pizza with extra toppings!
• Forget takeout pizza – enjoy the joy of homemade pizza!
• Want more pizza goodness? Also try our line of Pizza Pops!","[{""Product Type"":""Cheese""},{""Storage Type"":""Frozen""},{""Clearout Deal"":""No""},{""Lifestyle\/Dietary Need"":""No egg,No fish,No sesame,No shellfish,No sulfite,No artificials,Vegetarian-friendly""}]",https://i5.walmartimages.ca/images/Enlarge/448/758/999999-69700448758.jpg | https://i5.walmartimages.ca/images/Enlarge/197/335/6000199197335.jpg | https://i5.walmartimages.ca/images/Enlarge/778/055/6000201778055.jpg | https://i5.walmartimages.ca/images/Enlarge/778/057/6000201778057.jpg | https://i5.walmartimages.ca/images/Enlarge/778/058/6000201778058.jpg,5,Sold by Walmart,"ENRICHED WHEAT FLOUR, WATER, PART SKIM MOZZARELLA CHEESE (MILK INGREDIENTS, BACTERIAL CULTURES, SALT, MICROBIAL ENZYMES), TOMATO SAUCE (WATER, CONCENTRATED TOMATO PASTE), HIGH MONOUNSATURATED CANOLA OIL, SUGAR, MODIFIED CORN STARCH, SALT, DRY YEAST PREPARATION, DEFATTED SOY FLOUR, DEXTROSE, SPICES, MONOCALCIUM PHOSPHATE, BAKING SODA, CITRIC ACID, BEET POWDER, MALIC ACID, XANTHAN GUM, MALTODEXTRIN, NATURAL FLAVOUR, CORN STARCH. CONTAINS WHEAT, MILK AND SOY; MAY CONTAIN MUSTARD INGREDIENTS.","No egg,No fish,No sesame,No shellfish,No sulfite,No artificials,Vegetarian-friendly",Add to Cart; Find in Store,5,1,,
Walmart Canada,Frozen,Pizzas,walmart.ca,https://www.walmart.ca/en/ip/delissio-pizzeria-deluxe-pizza/6000195442528,,604 GR,Walmart.ca > Grocery > Frozen Food > Frozen Pizza,Delissio,DELISSIO Pizzeria Deluxe Pizza,SKU:6000195442529,UPC:7192129062,ID:6000195442528,Walmart Item #:30875833,$5.44,,,,$0.9/100GR,"Elevate your pizza night with DELISSIO Pizzeria Deluxe Pizza (604 g). There's nothing quite like true Italian pizza. Inspired by their passion for quality ingredients and traditional recipes, each bite is loaded with all the good stuff: the finest tomato sauce, grated cheese, Italian sausage, thin-sliced pepperoni, onions, and bell peppers on a restaurant style crust that's not too thin or too thick, but just right. Drizzled with extra-virgin olive oil and topped with parsley seasoning. Perfect for a family meal, date night or an evening outside with the BBQ fired up. For this delicious, easy-to-bake frozen pizza, the only door you'll be opening is your oven. IT'S NOT DELIVERY, IT'S DELISSIO!","• Italian-inspired, classic pizza recipe using tomato sauce, grated cheese, Italian sausage, pepperoni, onions, and bell peppers on a pizzeria-style crust drizzled with extra-virgin olive oil and parsley seasoning
• This deluxe pizza is great on the BBQ for a summertime pizza night, date night or a family meal
• Easy to bake: just follow the simple instructions on the back of the frozen pizza packaging
• Made with only high-quality ingredients for a truly fresh-baked taste
• Contains no artificial flavours – only pure tastiness","[{""Product Type"":""Deluxe""},{""Storage Type"":""Other""},{""Clearout Deal"":""No""},{""Lifestyle\/Dietary Need"":""No egg,No fish,No sesame,No shellfish""}]",https://i5.walmartimages.ca/images/Enlarge/290/627/999999-71921290627.jpg | https://i5.walmartimages.ca/images/Enlarge/062/7_2/999999-71921290627_2.jpg | https://i5.walmartimages.ca/images/Enlarge/489/593/6000200489593.jpg | https://i5.walmartimages.ca/images/Enlarge/489/594/6000200489594.jpg | https://i5.walmartimages.ca/images/Enlarge/780/877/6000203780877.jpg | https://i5.walmartimages.ca/images/Enlarge/780/879/6000203780879.jpg | https://i5.walmartimages.ca/images/Enlarge/780/869/6000203780869.jpg | https://i5.walmartimages.ca/images/Enlarge/780/867/6000203780867.jpg | https://i5.walmartimages.ca/images/Enlarge/780/876/6000203780876.jpg,9,Sold by Walmart,"CRUST WHEAT FLOUR, WATER, CANOLA OIL, YEAST, SALT, SUGAR, MALTED BARLEY FLOUR. TOPPINGS PART-SKIM MOZZARELLA CHEESE (PARTLY SKIMMED MILK, BACTERIAL CULTURE, SALT, MICROBIAL ENZYME), COOKED SEASONED VEGETABLES (RED AND GREEN BELL PEPPERS, ONIONS, SUGAR, APPLE JUICE CONCENTRATE), COOKED ITALIAN SAUSAGE (PORK, WATER, TEXTURED SOY PROTEIN, SALT, SUGAR, SOY OIL, PORK FAT, SODIUM PHOSPHATE, SPICES, FLAVOUR), PEPPERONI (PORK, SALT, DEXTROSE, BACTERIAL CULTURE, GARLIC POWDER, PORK STOCK, SODIUM NITRITE, SODIUM ASCORBATE, CITRIC ACID, FLAVOUR, SMOKE FLAVOUR, SPICES [MUSTARD]), EXTRA-VIRGIN OLIVE OIL, PARSLEY FLAKES. SAUCE WATER, TOMATO PASTE, CANOLA AND SOY OILS, GARLIC PURÉE, SALT, SUGAR, VINEGAR, BASIL, OREGANO, THYME, SPICES.","No egg,No fish,No sesame,No shellfish",Add to Cart; Find in Store,4.2,64,,
Walmart Canada,Drinks,Soft Drinks/Sodas,walmart.ca,https://www.walmart.ca/en/ip/barqs-root-beer-355ml-cans-12-pack/6000130571070,,12 x 355 mL,Walmart.ca > Household Supplies & Pantry > Drinks > Soft Drinks > Other Soft Drinks,Barq’s,"Barq’s Root Beer 355mL Cans, 12 Pack",SKU:10277673,UPC:6700010488,ID:6000130571070,Walmart Item #:9211025,$5.47,,,,$0.13/100ML,"Enjoy the delicious and uninhibited taste of Barq’s. Since 1898 Barq’s is the unique root beer with an authentic, bold taste and bite!","Bring home Barq’s bold taste with a bite!
For crisp, cold taste enjoy chilled
Convenient pack of 12 so you have plenty to enjoy
Perfect size to be enjoyed with meals, snacks or on the go","[{""Flavour"":""Other""},{""Singleserve"":""No""},{""Storage Type"":""Refrigerate""},{""Clearout Deal"":""No""},{""Lifestyle\/Dietary Need"":""No egg,No fish,No milk,No mustard,No sesame,No shellfish,No soy,No sulfite,No wheat,No lactose,Kosher,Vegan-friendly,Vegetarian-friendly""}]",https://i5.walmartimages.ca/images/Enlarge/155/468/155468.jpg | https://i5.walmartimages.ca/images/Enlarge/546/8_1/155468_1.jpg | https://i5.walmartimages.ca/images/Enlarge/546/8_2/155468_2.jpg | https://i5.walmartimages.ca/images/Enlarge/246/119/6000200246119.jpg | https://i5.walmartimages.ca/images/Enlarge/246/167/6000200246167.jpg | https://i5.walmartimages.ca/images/Enlarge/246/092/6000200246092.jpg | https://i5.walmartimages.ca/images/Enlarge/246/095/6000200246095.jpg | https://i5.walmartimages.ca/images/Enlarge/246/095/6000200246095.jpg,8,Sold by Walmart,"CARBONATED WATER, SUGAR/GLUCOSE-FRUCTOSE, CARAMEL COLOUR, SODIUM BENZOATE, NATURAL AND ARTIFICIAL FLAVOURS, CITRIC ACID, CAFFEINE.","No egg,No fish,No milk,No mustard,No sesame,No shellfish,No soy,No sulfite,No wheat,No lactose,Kosher,Vegan-friendly,Vegetarian-friendly",Add to Cart; Find in Store,5,1,,
Walmart Canada,Drinks,Soft Drinks/Sodas,walmart.ca,https://www.walmart.ca/en/ip/mug-root-beer-2l-bottle/6000196027114,,2L,Walmart.ca > Household Supplies & Pantry > Drinks > Soft Drinks > Other Soft Drinks,MUG Root Beer,"MUG Root Beer, 2L Bottle",SKU:6000196027115,UPC:6900004055,ID:6000196027114,Walmart Item #:9237329,$1.97,,,,$0.1/100ML,"MUG® Root Beer is a delicious, rich cola with a creamy vanilla flavour. Ideal in a frosty mug, with a meal, or as part of a root beer float. Caffeine free. This 2 L bottle is perfect for sharing with friends and family.","• Delicious, creamy vanilla flavour.
• Great served with a meal or as part of a root beer float.
• Caffeine free.","[{""Flavour"":""Other""},{""Singleserve"":""No""},{""Storage Type"":""Shelf""},{""Clearout Deal"":""No""},{""Lifestyle\/Dietary Need"":""No egg,No fish,No milk,No mustard,No sesame,No shellfish,No soy,No sulfite,No wheat,No lactose,Vegan-friendly,Vegetarian-friendly""}]",https://i5.walmartimages.ca/images/Enlarge/850/489/6000201850489.jpg | https://i5.walmartimages.ca/images/Enlarge/850/490/6000201850490.jpg | https://i5.walmartimages.ca/images/Enlarge/850/491/6000201850491.jpg | https://i5.walmartimages.ca/images/Enlarge/53_/nft/69000040553_NFT.jpg | https://i5.walmartimages.ca/images/Enlarge/53_/nft/69000040553_NFT.jpg,5,Sold by Walmart,"CARBONATED WATER, GLUCOSE- FRUCTOSE AND/OR SUGAR, CARAMEL COLOUR, SODIUM BENZOATE, CITRIC ACID, NATURAL & ARTIFICIAL FLAVOURS, MODIFIED FOOD STARCH, CALCIUM DISODIUM EDTA, QUILLAIA EXTRACT.","No egg,No fish,No milk,No mustard,No sesame,No shellfish,No soy,No sulfite,No wheat,No lactose,Vegan-friendly,Vegetarian-friendly",Add to Cart; Find in Store,4.3,18,,
Walmart Canada,Drinks,Soft Drinks/Sodas,walmart.ca,https://www.walmart.ca/en/ip/7up-soft-drink-222-ml-cans-6-pack/6000192739603,,6x222mL,Walmart.ca > Household Supplies & Pantry > Drinks > Soft Drinks > Other Soft Drinks,7UP,"7UP Soft Drink, 222 mL Cans, 6 Pack",SKU:6000192739604,UPC:6540014722,ID:6000192739603,Walmart Item #:31093687,$2.67,,,,$0.2/100ML,"7UP® is a refreshing lemon lime carbonated soft drink. It is a clear, caffeine free beverage made with real lemon and lime flavour. This 6-pack of 222 mL cans is perfect for sharing with friends and family, and great for portion control.","• 100% Natural Flavours
• Caffeine Free
• Refreshing lemon and lime flavours","[{""Flavour"":""Citrus""},{""Singleserve"":""No""},{""Storage Type"":""Shelf""},{""Clearout Deal"":""No""},{""Lifestyle\/Dietary Need"":""No egg,No fish,No milk,No mustard,No sesame,No shellfish,No soy,No sulfite,No wheat,No lactose,No artificials,Kosher,Vegan-friendly,Vegetarian-friendly""}]",https://i5.walmartimages.ca/images/Enlarge/147/229/999999-65400147229.jpg | https://i5.walmartimages.ca/images/Enlarge/844/473/6000201844473.jpg | https://i5.walmartimages.ca/images/Enlarge/394/386/6000202394386.jpg | https://i5.walmartimages.ca/images/Enlarge/394/387/6000202394387.jpg | https://i5.walmartimages.ca/images/Enlarge/394/388/6000202394388.jpg | https://i5.walmartimages.ca/images/Enlarge/29_/nft/65400147229_NFT.jpg | https://i5.walmartimages.ca/images/Enlarge/29_/nft/65400147229_NFT.jpg,7,Sold by Walmart,"CARBONATED WATER, GLUCOSE-FRUCTOSE AND/OR SUGAR, NATURAL FLAVOURS, CITRIC ACID, MALIC ACID, SODIUM CITRATE, SODIUM BENZOATE.","No egg,No fish,No milk,No mustard,No sesame,No shellfish,No soy,No sulfite,No wheat,No lactose,No artificials,Kosher,Vegan-friendly,Vegetarian-friendly",Add to Cart; Find in Store,4.6,21,,
Walmart Canada,Frozen,Pizzas,walmart.ca,https://www.walmart.ca/en/ip/delissio-stuffed-crust-deluxe-pizza-744-g/6000199442515,,744 GR,Walmart.ca > Grocery > Frozen Food > Frozen Pizza,Delissio,Delissio Stuffed Crust Deluxe Pizza 744 g,SKU:6000199442516,UPC:7192164832,ID:6000199442515,Walmart Item #:30553491,$6.44,,,,$644/100GR,"An irresistible pizza, covered in cheese, and stuffed with even more cheese?! That's right, Delissio Stuffed Crust Deluxe Pizza (744 g) is the ultimate cheese-lover's passion. Our signature golden pizza crust is stuffed full of real, mouth-watering cheeses, then topped with even more cheese, plus Italian sausage, pepperoni, red and green peppers, black olives, and chopped onions. Proudly prepared in Canada, each crispy bite unleashes cheesy delight, made with only the highest quality ingredients. Plus, you can customize your pizza by tossing on your own favourite ingredients before baking. The only door you'll need to open for this perfect pizza is the oven. It's not delivery, it's Delissio! *BrandSpark International inc. 2017/2018","• Pizza with a golden crust stuffed with mouth-watering cheese, and topped with Italian sausage, pepperoni, red and green peppers, black olives, and chopped onions
• Proudly prepared in Canada, with only the highest quality ingredients for a truly fresh-baked taste
• Delissio is proudly regarded as the Most Trusted Frozen Pizza Brand* in Canada
• It's easy top with your favourite ingredients for creative, customized pizza night
• It's not delivery, it's Delissio!","[{""Product Type"":""Deluxe""},{""Singleserve"":""No""},{""Storage Type"":""Frozen""},{""Clearout Deal"":""No""},{""Lifestyle\/Dietary Need"":""No egg,No fish,No sesame,No shellfish""}]",https://i5.walmartimages.ca/images/Enlarge/445/477/6000199445477.jpg | https://i5.walmartimages.ca/images/Enlarge/445/487/6000199445487.jpg | https://i5.walmartimages.ca/images/Enlarge/445/476/6000199445476.jpg | https://i5.walmartimages.ca/images/Enlarge/445/482/6000199445482.jpg | https://i5.walmartimages.ca/images/Enlarge/445/488/6000199445488.jpg | https://i5.walmartimages.ca/images/Enlarge/445/481/6000199445481.jpg,6,Sold by Walmart,"Crust (wheat flour, water, part skim pizza mozzarella cheese [modified milk ingredients, bacterial culture, salt, microbial enzyme, calcium chloride, cellulose], canola oil, yeast, toasted wheat crumbs, modified palm oil, flavour, carotene, sugar, salt), Part skim pizza mozzarella cheese (modified milk ingredients, bacterial culture, salt, calcium chloride, microbial enzyme, cellulose), Sauce (water, tomato paste, canola oil, salt, sugar, dried garlic, spices), Cooked Italian sausage (pork, water, soy protein concentrate, salt, sugars [sugar, honey], autolyzed yeast, spices, paprika, sodium phosphate, vinegar, lemon juice concentrate, dried red pepper and garlic, sodium erythorbate, flavour, malic acid), Pepperoni (pork, water, salt, sugars [dextrose], dried garlic, bacterial culture, sodium nitite, citric acid, sodium erythorbate, flavour, smoke flavour, smoke), Red and green bell peppers, Onion, Black olive, Salt.","No egg,No fish,No sesame,No shellfish",Add to Cart; Find in Store,3.8,108,,
Walmart Canada,Drinks,Coffee,walmart.ca,https://www.walmart.ca/en/ip/great-value-medium-roast-keurig-recyclable-k-cup-pod/6000201202632,,48 count,Walmart.ca > Household Supplies & Pantry > Drinks > Coffee > Coffee Pods,Great Value,Great Value™ Medium Roast Keurig® Recyclable K-Cup® Pod,SKU:6000201202633,UPC:62773501226,ID:6000201202632,Walmart Item #:30533143,$16.94,,,,,"Start your morning off with a steaming cup of fresh coffee in just seconds when you use Great Value Medium Roast Coffee K-Cups. Designed to brew 8 ounces of coffee with your Keurig coffee maker, these convenient little pods produce strong, aromatic coffee in a single-serving amount.",,"[{""Product Type"":""Medium Roast""},{""Decaffeinated"":""No""},{""Storage Type"":""Shelf""},{""Walmart Exclusive"":""Yes""},{""Clearout Deal"":""No""},{""Lifestyle\/Dietary Need"":""""}]",https://i5.walmartimages.ca/images/Enlarge/295/279/6000201295279.jpg,1,Sold by Walmart,Coffee,,Add to Cart; Find in Store,3.8,4,,
Walmart Canada,Drinks,Soft Drinks/Sodas,walmart.ca,https://www.walmart.ca/en/ip/grace-famous-island-soda-ginger-beer/6000188763415,,355 mL,Walmart.ca > Household Supplies & Pantry > Drinks > Soft Drinks > Other Soft Drinks,Grace,Grace Famous Island Soda Ginger Beer,SKU:6000188763416,UPC:5527084235,ID:6000188763415,Walmart Item #:30135147,$0.97,,,,$0.27/100ML,"Gingerbeer - Grace Famous Island Soda! The bottle is new, the label is unique, but with the same taste you always enjoyed. Grace Soda has evolved to become the new Grace Famous Island Soda. Our roots are in the islands, our flavours are inspired by its people and now, with two new flavours and a unique twist, literally under the cap.",,"[{""Singleserve"":""Yes""},{""International Foods"":""Caribbean""},{""Clearout Deal"":""No""},{""Lifestyle\/Dietary Need"":""No egg,No fish,No milk,No mustard,No sesame,No shellfish,No soy,No sulfite,No wheat,No lactose,Vegan-friendly,Vegetarian-friendly""}]",https://i5.walmartimages.ca/images/Enlarge/842/355/999999-55270842355.jpg | https://i5.walmartimages.ca/images/Enlarge/55_/nft/55270842355_NFT.jpg | https://i5.walmartimages.ca/images/Enlarge/55_/nft/55270842355_NFT.jpg,3,Sold by Walmart,"CARBONATED WATER, SUGAR / GLUCOSE-FRUCTOSE, GINGER EXTRACT, NATURAL AND ARTIFICIAL FLAVOUR, CITRIC ACID, SODIUM BENZOATE, COLOUR.","No egg,No fish,No milk,No mustard,No sesame,No shellfish,No soy,No sulfite,No wheat,No lactose,Vegan-friendly,Vegetarian-friendly",Add to Cart; Find in Store,3.8,13,,3
Walmart Canada,Drinks,Coffee,walmart.ca,https://www.walmart.ca/en/ip/starbucks-pike-place-roast-medium-roast-ground-coffee-k-cup-pods-24-ct-box/6000198502925,,24 EA,Walmart.ca > Household Supplies & Pantry > Drinks > Coffee > Coffee Pods,Starbucks,Starbucks® Pike Place® Roast Medium Roast Ground Coffee K-Cup® Pods 24 ct Box,SKU:6000198502926,UPC:76211128201,ID:6000198502925,Walmart Item #:31575446,$22.47,,,,,"In 1971 we opened our first store in Seattle’s Pike Place Market. Reflecting on our heritage inspired us to create this delicious blend with smooth body and subtle flavours of cocoa and toasted nuts. Brewed fresh every day in our stores, it’s a rich, satisfying and balanced cup.Designed for use with the Keurig® Single Cup Brewing System to provide a premium brewed coffee experience in less than a minute—without the mess.","• 100% Arabica Coffee
• Smooth & Balanced
• Growing Region of Latin America
• Medium Roast","[{""Product Type"":""Medium Roast""},{""Decaffeinated"":""No""},{""Singleserve"":""Yes""},{""Storage Type"":""Shelf""},{""Clearout Deal"":""No""},{""Lifestyle\/Dietary Need"":""No egg,No fish,No milk,No mustard,No sesame,No shellfish,No soy,No sulfite,No wheat,No lactose,No artificials,No added sugars,Paleo-friendly,Vegan-friendly,Vegetarian-friendly,Whole30-friendly""}]",https://i5.walmartimages.ca/images/Enlarge/819/653/6000198819653.jpg | https://i5.walmartimages.ca/images/Enlarge/819/657/6000198819657.jpg | https://i5.walmartimages.ca/images/Enlarge/819/658/6000198819658.jpg | https://i5.walmartimages.ca/images/Enlarge/819/662/6000198819662.jpg | https://i5.walmartimages.ca/images/Enlarge/819/664/6000198819664.jpg | https://i5.walmartimages.ca/images/Enlarge/928/615/6000203928615.jpg | https://i5.walmartimages.ca/images/Enlarge/928/617/6000203928617.jpg | https://i5.walmartimages.ca/images/Enlarge/819/654/6000198819654.jpg,8,Sold by Walmart,COFFEE,"No egg,No fish,No milk,No mustard,No sesame,No shellfish,No soy,No sulfite,No wheat,No lactose,No artificials,No added sugars,Paleo-friendly,Vegan-friendly,Vegetarian-friendly,Whole30-friendly",Add to Cart; Find in Store,4.4,3417,,
Walmart Canada,Drinks,Soft Drinks/Sodas,walmart.ca,https://www.walmart.ca/en/ip/pepsi-zero-sugar-cola-222-ml-cans-6-pack/6000199950089,,6 x 222ml,Walmart.ca > Household Supplies & Pantry > Drinks > Soft Drinks > Diet Cola,Pepsi,"Pepsi Zero Sugar cola, 222 mL Cans, 6 Pack",SKU:6000199950090,UPC:6900014936,ID:6000199950089,Walmart Item #:30260738,$2.67,,,,$0.2/100ML,"Pepsi® Zero Sugar soft drink provides the bold taste of Pepsi® cola with zero sugar and zero calories. The perfect party sidekick - this 6-pack of 222 mL cans is ideal for sharing with family and friends, and great for portion control.","•Maximum taste of Pepsi® cola with zero sugar or calories.
•Perfect for any occasion or celebration.
•6-pack of 222 mL cans is ideal for sharing and great for portion control.","[{""Flavour"":""Cola""},{""Storage Type"":""Shelf""},{""Lifestyle\/Dietary Need"":""No egg,No fish,No milk,No mustard,No sesame,No shellfish,No soy,No sulfite,No wheat,No lactose,No added sugars,Vegan-friendly,Vegetarian-friendly""}]",https://i5.walmartimages.ca/images/Enlarge/184/258/6000202184258.jpg | https://i5.walmartimages.ca/images/Enlarge/184/260/6000202184260.jpg | https://i5.walmartimages.ca/images/Enlarge/394/435/6000202394435.jpg | https://i5.walmartimages.ca/images/Enlarge/394/436/6000202394436.jpg | https://i5.walmartimages.ca/images/Enlarge/394/437/6000202394437.jpg | https://i5.walmartimages.ca/images/Enlarge/394/439/6000202394439.jpg,6,Sold by Walmart,"CARBONATED WATER, CARAMEL COLOUR, PHOSPHORIC ACID, ASPARTAME (x mg/x mL, CONTAINS PHENYLALANINE), CAFFEINE, POTASSIUM SORBATE, NATURAL FLAVOUR, ACESULFAME POTASSIUM (x mg/x mL), CITRIC ACID, PANAX GINSENG ROOT EXTRACT.","No egg,No fish,No milk,No mustard,No sesame,No shellfish,No soy,No sulfite,No wheat,No lactose,No added sugars,Vegan-friendly,Vegetarian-friendly",Add to Cart; Find in Store,4.2,21,,1
Walmart Canada,Drinks,Soft Drinks/Sodas,walmart.ca,https://www.walmart.ca/en/ip/dr-pepper-6-x-222-ml-cans/6000202662144,,6x222mL,Walmart.ca > Household Supplies & Pantry > Drinks > Soft Drinks > Other Soft Drinks,Dr. Pepper,"Dr. Pepper, 6 x 222 mL cans",SKU:6000202662145,UPC:5490000055,ID:6000202662144,Walmart Item #:31144659,$2.67,,,,$0.2/100ML,"There’s nothing like the great taste of Dr. Pepper*. For over 125 years, its signature blend of 23 flavours makes every sip truly unique. This 6-pack of 222 mL cans gives Dr Pepper* fans more of the refreshing flavour they crave.","•6 x 222 mL cans
•Signature blend of 23 flavours
•A flavour favourite for over 125 years","[{""Flavour"":""Other""},{""Singleserve"":""No""},{""Storage Type"":""Shelf""},{""Clearout Deal"":""No""},{""Lifestyle\/Dietary Need"":""No egg,No fish,No milk,No mustard,No sesame,No shellfish,No soy,No sulfite,No wheat,No lactose,Vegan-friendly,Vegetarian-friendly""}]",https://i5.walmartimages.ca/images/Enlarge/873/765/6000202873765.jpg | https://i5.walmartimages.ca/images/Enlarge/873/769/6000202873769.jpg | https://i5.walmartimages.ca/images/Enlarge/504/879/6000203504879.jpg | https://i5.walmartimages.ca/images/Enlarge/504/894/6000203504894.jpg,4,Sold by Walmart,"CARBONATED WATER, SUGAR/GLUCOSE-FRUCTOSE, COLOUR, PHOSPHORIC ACID, NATURAL AND ARTIFICIAL FLAVOUR, SODIUM BENZOATE, CAFFEINE, PEG.","No egg,No fish,No milk,No mustard,No sesame,No shellfish,No soy,No sulfite,No wheat,No lactose,Vegan-friendly,Vegetarian-friendly",Add to Cart; Find in Store,4.9,20,,
Walmart Canada,Drinks,Soft Drinks/Sodas,walmart.ca,https://www.walmart.ca/en/ip/diet-pepsi-cola-222ml-cans-6-pack/6000192739600,,6x222mL,Walmart.ca > Household Supplies & Pantry > Drinks > Soft Drinks > Diet Cola,Pepsi,"Diet Pepsi Cola, 222mL cans, 6 Pack",SKU:6000192739601,UPC:6900014904,ID:6000192739600,Walmart Item #:31093683,$2.67,,,,$0.2/100ML,"Diet Pepsi® soft drink is a bold, refreshing, robust cola, with zero calories. Perfect for parties, meals and celebrations big and small. This 6 pack of 222 mL sleek cans is ideal for sharing with family and friends, and great for portion control.","• 6 pack of Diet Pepsi® 222 mL cans
• Crisp, refreshing, great tasting cola with zero calories.
• Perfect for any occasion or celebration.
• 6-pack of 222 mL sleek cans is ideal for sharing and great for portion control.","[{""Flavour"":""Cola""},{""Singleserve"":""No""},{""Storage Type"":""Shelf""},{""Clearout Deal"":""No""},{""Lifestyle\/Dietary Need"":""No egg,No fish,No milk,No mustard,No sesame,No shellfish,No soy,No sulfite,No wheat,No lactose,Kosher,No added sugars,Vegan-friendly,Vegetarian-friendly""}]",https://i5.walmartimages.ca/images/Enlarge/149/041/999999-69000149041.jpg | https://i5.walmartimages.ca/images/Enlarge/393/916/6000202393916.jpg | https://i5.walmartimages.ca/images/Enlarge/394/434/6000202394434.jpg | https://i5.walmartimages.ca/images/Enlarge/374/651/6000203374651.jpg | https://i5.walmartimages.ca/images/Enlarge/41_/nft/69000149041_NFT.jpg | https://i5.walmartimages.ca/images/Enlarge/41_/nft/69000149041_NFT.jpg,6,Sold by Walmart,"CARBONATED WATER, CARAMEL COLOUR, PHOSPHORIC ACID, ASPARTAME (78 mg/222 mL, CONTAINS PHENYLALANINE), SODIUM BENZOATE, CAFFEINE, NATURAL FLAVOUR, ACESULFAME POTASSIUM (20 mg/222 mL), CITRIC ACID.","No egg,No fish,No milk,No mustard,No sesame,No shellfish,No soy,No sulfite,No wheat,No lactose,Kosher,No added sugars,Vegan-friendly,Vegetarian-friendly",Add to Cart; Find in Store,4.5,21,,
Walmart Canada,Drinks,Soft Drinks/Sodas,walmart.ca,https://www.walmart.ca/en/ip/vitamalt-classic-non-alcoholic-malt-beverages/6000188760811,,330 mL,Walmart.ca > Household Supplies & Pantry > Drinks > Soft Drinks > Other Soft Drinks,VITAMALT,Vitamalt Classic Non-Alcoholic Malt Beverages,SKU:6000188760812,UPC:73729700008,ID:6000188760811,Walmart Item #:9299715,$1.27,,,,$0.25/100ML,"Vitamalt Classic - Vitamalt is a brand of non-alcoholic malt beverages mainly sold in the Caribbean and Africa. Its taste might be described as sweet, unfermented beer. It is manufactured by Danish brewers Royal Unibrew. High on nutrients and vitamins, Vitamalt is a drink designed as an energy supplement. It is available in about 70 countries, but it is most widely known in the West Indies, where over time it has attained the status of a cultural symbol.",,"[{""Singleserve"":""Yes""},{""International Foods"":""Caribbean""},{""Clearout Deal"":""No""},{""Lifestyle\/Dietary Need"":""""}]",https://i5.walmartimages.ca/images/Enlarge/000/085/999999-737297000085.jpg,1,Sold by Walmart,,,Add to Cart; Find in Store,4.1,9,,
Walmart Canada,Frozen,Pizzas,walmart.ca,https://www.walmart.ca/en/ip/delissio-singles-meat-lovers-2-x-187-g/6000201000017,,374 GR,Walmart.ca > Grocery > Frozen Food > Frozen Pizza,Delissio,Delissio Singles Meat Lovers 2 x 187 g,SKU:6000201000018,UPC:7192100413,ID:6000201000017,Walmart Item #:30228491,$4.97,,,,$1.33/100GR,"There'll be no fighting over the last slice with these personal-sized pizzas! Delissio Singles Meat Lovers Pizzas (2 x 187 g) are a 2-pack of individual-sized pizzas, delivering big flavour in a smaller pizza. Each pizza is topped with all the meats you crave on a pizza - pepperoni, Italian sausage, and ham - over a traditional golden crust. It may be small but it sure packs a mighty flavour punch. Plus it's proudly prepared with high quality ingredients right here in Canada. It's not delivery, it's Delissio!","• 2 individual-sized pizzas, featuring a traditional crispy crust topped with a mix of meat - pepperoni, Italian sausage, and ham
• Proudly prepared in Canada with high quality ingredients
• Small but mighty, these individual pizzas are the perfect meal for one
• This 2-pack includes 2 irresistible small pizzas
• It's not delivery, it's Delissio!","[{""Features"":""\u2022 2 individual-sized pizzas""},{""Features"":"" featuring a traditional crispy crust topped with a mix of meat - pepperoni""},{""Features"":"" Italian sausage""},{""Features"":"" and ham<br>\u2022 Proudly prepared in Canada with high quality ingredients<br>\u2022 Small but mighty""},{""Product Type"":""Meat""},{""Storage Type"":""Frozen""},{""Batteries Included"":""N""},{""Clearout Deal"":""No""},{""Lifestyle\/Dietary Need"":""""}]",https://i5.walmartimages.com/asr/5e73804f-0621-4874-a762-8d24d6d663ae.e39e1cba69042d98be39ec5536b32f4b.jpeg?odnHeight=2000&odnWidth=2000&odnBg=ffffff | https://i5.walmartimages.com/asr/04071718-9165-4892-865b-a09a8bf4a893.21c360385ac85c7bdac70687b03a7763.jpeg?odnHeight=2000&odnWidth=2000&odnBg=ffffff | https://i5.walmartimages.com/asr/ae03a005-cec0-47f8-8694-0733caa7f465.48345adaadc1dc3363ccd6bfe3ed5ea4.jpeg?odnHeight=2000&odnWidth=2000&odnBg=ffffff | https://i5.walmartimages.com/asr/b5055de5-0a60-44d0-b43e-14afad2c3a8a.9574cba66a27f8a83817db4723997100.jpeg?odnHeight=2000&odnWidth=2000&odnBg=ffffff | https://i5.walmartimages.com/asr/786e4a01-db96-4bc7-9988-8cc17ef19022.ca3e016a641bef61d8f192405ddfd5e8.jpeg?odnHeight=2000&odnWidth=2000&odnBg=ffffff | https://i5.walmartimages.com/asr/0350cdbe-a6cf-4519-bb59-413188fdb01a.1338b0c9d932a06c78869048c03bafad.jpeg?odnHeight=2000&odnWidth=2000&odnBg=ffffff,6,Sold by Walmart,Crust (Wheat Flour,,Add to Cart; Find in Store,3.1,54,,
Walmart Canada,Drinks,Soft Drinks/Sodas,walmart.ca,https://www.walmart.ca/en/ip/brisk-peach-iced-tea-710ml-can/6000200642528,,710mL,Walmart.ca > Grocery > Drinks > Soft Drinks > Other Soft Drinks,Brisk,"Brisk Peach Iced Tea, 710mL can",SKU:6000200642529,UPC:6900015824,ID:6000200642528,Walmart Item #:30594130,$0.99,,,,$0.14/100ML,Brisk® Pêche Iced Tea is a refreshing iced tea with a bold peach flavour. Perfect to satisfy your thirst or to enjoy with food. This 710 mL can is great for on the go.,"Brisk® Peach Iced Tea
Bold, refreshing iced tea with peach flavour.
Satisfy your thirst or enjoy with food.
710 mL can is perfect for on the go.","[{""Flavour"":""Other""},{""Singleserve"":""Yes""},{""Storage Type"":""Shelf""},{""Clearout Deal"":""No""},{""Lifestyle\/Dietary Need"":""No egg,No fish,No milk,No mustard,No sesame,No shellfish,No soy,No sulfite,No wheat,No lactose,Kosher,Vegan-friendly,Vegetarian-friendly""}]",https://i5.walmartimages.ca/images/Enlarge/856/218/6000201856218.jpg | https://i5.walmartimages.ca/images/Enlarge/097/931/6000203097931.jpg | https://i5.walmartimages.ca/images/Enlarge/097/932/6000203097932.jpg | https://i5.walmartimages.ca/images/Enlarge/374/584/6000203374584.jpg | https://i5.walmartimages.ca/images/Enlarge/374/586/6000203374586.jpg | https://i5.walmartimages.ca/images/Enlarge/374/586/6000203374586.jpg,6,Sold by Walmart,"WATER, GLUCOSE-FRUCTOSE AND/OR SUGAR, CITRIC ACID, INSTANT TEA, SODIUM HEXAMETAPHOSPHATE, NATURAL FLAVOURS, PHOSPHORIC ACID, POTASSIUM SORBATE, POTASSIUM BENZOATE, ACESULFAME POTASSIUM (48 mg/355 mL), CALCIUM DISODIUM EDTA, SUCRALOSE (7 mg/355 mL).","No egg,No fish,No milk,No mustard,No sesame,No shellfish,No soy,No sulfite,No wheat,No lactose,Kosher,Vegan-friendly,Vegetarian-friendly",Add to Cart; Find in Store,4.5,19,,
Walmart Canada,Drinks,Soft Drinks/Sodas,walmart.ca,https://www.walmart.ca/en/ip/lipton-peach-iced-tea-340ml-cans-12-pack/6000200638710,,12x340mL,Walmart.ca > Grocery > Drinks > Soft Drinks > Other Soft Drinks,Lipton,"Lipton Peach Iced Tea, 340mL Cans, 12 Pack",SKU:6000200638711,UPC:6900015833,ID:6000200638710,Walmart Item #:30592796,$6.47,,,,$0.16/100ML,It's the outstanding refresher. Lipton® adds zesty peach flavour to its classic iced black tea blend for an exceptional iced tea taste.,"• Made with real tea and blended with delicious peach flavour
• Refreshing and delicious on its own or enjoyed with food
• 12-pack of 340 mL cans is perfect for sharing with friends and family.","[{""Flavour"":""Other""},{""Storage Type"":""Shelf""},{""Clearout Deal"":""No""},{""Lifestyle\/Dietary Need"":""""}]",https://i5.walmartimages.ca/images/Enlarge/477/255/6000203477255.jpg | https://i5.walmartimages.ca/images/Enlarge/477/256/6000203477256.jpg | https://i5.walmartimages.ca/images/Enlarge/477/257/6000203477257.jpg | https://i5.walmartimages.ca/images/Enlarge/477/259/6000203477259.jpg | https://i5.walmartimages.ca/images/Enlarge/477/261/6000203477261.jpg | https://i5.walmartimages.ca/images/Enlarge/372/834/6000203372834.jpg | https://i5.walmartimages.ca/images/Enlarge/856/106/6000201856106.jpg | https://i5.walmartimages.ca/images/Enlarge/374/599/6000203374599.jpg | https://i5.walmartimages.ca/images/Enlarge/374/599/6000203374599.jpg,9,Sold by Walmart,"WATER, SUGAR, FRUCTOSE, CITRIC ACID, BLACK TEA, MALIC ACID, MALTODEXTRIN, SODIUM CITRATE, ARTIFICIAL FLAVOUR, STEVIA EXTRACT.",,Add to Cart; Find in Store,4.3,23,,
Walmart Canada,Drinks,Coffee,walmart.ca,https://www.walmart.ca/en/ip/international-delight-classic-hazelnut-coffee-creamer-142l/6000202639476,,1.42L,Walmart.ca > Grocery > Drinks > Coffee > Coffee Whiteners,International Delight,"International Delight. Classic Hazelnut Coffee Creamer, 1.42L",SKU:6000202639477,UPC:3663207644,ID:6000202639476,Walmart Item #:31134426,$6.47,,,,$0.46/100ML,"This creamy blend brings home the rich flavour of hazelnuts. Warm, nutty, decadent, and a natural complement to any coffee. Delight and create a cup of coffee that is sumptuous and as unique as you are.","• International Delight coffee creamer products are gluten-free and caffeine free
• Cholesterol and lactose free
• Crafted for coffee","[{""Product Type"":""Coffee Creamer""},{""Light"":""No""},{""Singleserve"":""No""},{""Storage Type"":""Refrigerate""},{""Clearout Deal"":""No""},{""Lifestyle\/Dietary Need"":""""}]",https://i5.walmartimages.ca/images/Enlarge/929/668/6000202929668.jpg,1,Sold by Walmart,"WATER, SUGAR, PALM OIL, SODIUM CASEINATE* (MILK), DIPOTASSIUM PHOSPHATE, SODIUM CITRATE, CARRAGEENAN, MONO AND DIGLYCERIDES, SODIUM STEAROYL LACTYLATE, NATURAL AND ARTIFICIAL FLAVOURS, SALT.*SODIUM CASEINATE IS NOT A SOURCE OF LACTOSE.",,Add to Cart; Find in Store,0,,,
Walmart Canada,Drinks,Coffee,walmart.ca,https://www.walmart.ca/en/ip/mccaf-premium-roast-ground-coffee-950g/6000200925769,,950g,Walmart.ca > Household Supplies & Pantry > Drinks > Coffee > Ground Coffee,McCafe,"McCafé® Premium Roast Ground Coffee, 950g",SKU:6000200925770,UPC:66344760834,ID:6000200925769,Walmart Item #:30312609,$18.94,,,,$1.99/100GR,"McCafé® Premium Roast Ground Coffee is made with 100% ethically sourced Arabica beans from Rainforest Alliance Certified™ farms. We’re supporting farmers so their communities, and the rainforests around them, can prosper for generations to come.",,"[{""Product Type"":""Ground""},{""Decaffeinated"":""No""},{""Storage Type"":""Shelf""},{""Clearout Deal"":""No""},{""Lifestyle\/Dietary Need"":""No egg,No fish,No milk,No mustard,No sesame,No shellfish,No soy,No sulfite,No wheat,No lactose,No artificials,Kosher,No added sugars,Paleo-friendly,Vegan-friendly,Vegetarian-friendly,Whole30-friendly""}]",https://i5.walmartimages.ca/images/Enlarge/095/737/6000201095737.jpg,1,Sold by Walmart,Arabica coffee.,"No egg,No fish,No milk,No mustard,No sesame,No shellfish,No soy,No sulfite,No wheat,No lactose,No artificials,Kosher,No added sugars,Paleo-friendly,Vegan-friendly,Vegetarian-friendly,Whole30-friendly",Add to Cart; Find in Store,4.7,223,,1
Walmart Canada,Drinks,Soft Drinks/Sodas,walmart.ca,https://www.walmart.ca/en/ip/pepsi-cola-355ml-bottles-8-pack/6000197303321,,8x355mL,Walmart.ca > Household Supplies & Pantry > Drinks > Soft Drinks > Cola,Pepsi,"Pepsi cola, 355mL bottles, 8 Pack",SKU:6000197303322,UPC:6900001003,ID:6000197303321,Walmart Item #:9221267,$5.47,,,,$0.19/100ML,"Pepsi ® soft drink is a bold, refreshing, robust cola. Perfect for parties, meals and celebrations big and small. This 8-pack of 355 mL bottles is ideal for sharing with family and friends.","•Bold, refreshing, great tasting cola.
•Perfect for any occasion or celebration
•8-pack of 355 mL bottles is ideal for sharing with family and friends.
•","[{""Singleserve"":""No""},{""Storage Type"":""Shelf""},{""Clearout Deal"":""No""},{""Lifestyle\/Dietary Need"":""N\/A""}]",https://i5.walmartimages.ca/images/Enlarge/416/728/6000198416728.jpg | https://i5.walmartimages.ca/images/Enlarge/143/526/6000203143526.jpg | https://i5.walmartimages.ca/images/Enlarge/504/776/6000203504776.jpg | https://i5.walmartimages.ca/images/Enlarge/504/779/6000203504779.jpg,4,Sold by Walmart,"CARBONATED WATER, GLUCOSE-FRUCTOSE AND/OR SUGAR, CARAMEL COLOUR, PHOSPHORIC ACID, CAFFEINE, CITRIC ACID, FLAVOUR.",N/A,Add to Cart; Find in Store,4.6,21,,
Walmart Canada,Frozen,Pizzas,walmart.ca,https://www.walmart.ca/en/ip/delissio-pizzeria-4-cheese-pizza/6000195509005,,519 GR,Walmart.ca > Grocery > Frozen Food > Frozen Pizza,Delissio,DELISSIO Pizzeria 4 Cheese Pizza,SKU:6000195509006,UPC:7192166249,ID:6000195509005,Walmart Item #:30875840,$5.44,,,,$1.05/100GR,"Elevate your pizza night with DELISSIO Pizzeria 4 Cheese Pizza (519 g). There's nothing quite like true Italian pizza. Inspired by their passion for quality ingredients and traditional recipes, each bite is loaded with all the good stuff: part-skim mozzarella, fontina, parmesan and Romano cheeses with the finest tomato sauce on a restaurant style crust that's not too thin or too thick, but just right. Drizzled with extra-virgin olive oil and topped with parsley seasoning. Perfect for a family meal, date night or an evening outside with the BBQ fired up. For this delicious, easy-to-bake frozen pizza, the only door you'll be opening is your oven. IT'S NOT DELIVERY, IT'S DELISSIO!","• Italian-inspired, cheese-lovers recipe using quality, part-skim mozzarella, fontina, parmesan and Romano cheeses on a pizzeria-style crust drizzled with extra-virgin olive oil and parsley seasoning
• This 4 cheese pizza is great on the BBQ for a summertime pizza night, date night or a family meal
• Easy to bake: just follow the simple instructions on the back of the frozen pizza packaging
• Made with only high-quality ingredients for a truly fresh-baked taste
• Contains no artificial flavours – only pure tastiness","[{""Product Type"":""Cheese""},{""Storage Type"":""Other""},{""Clearout Deal"":""No""},{""Lifestyle\/Dietary Need"":""No egg,No fish,No mustard,No sesame,No shellfish,No artificials""}]",https://i5.walmartimages.ca/images/Enlarge/662/493/999999-71921662493.jpg | https://i5.walmartimages.ca/images/Enlarge/249/3_2/999999-71921662493_2.jpg | https://i5.walmartimages.ca/images/Enlarge/489/596/6000200489596.jpg | https://i5.walmartimages.ca/images/Enlarge/489/597/6000200489597.jpg | https://i5.walmartimages.ca/images/Enlarge/780/873/6000203780873.jpg | https://i5.walmartimages.ca/images/Enlarge/780/857/6000203780857.jpg | https://i5.walmartimages.ca/images/Enlarge/780/860/6000203780860.jpg | https://i5.walmartimages.ca/images/Enlarge/780/862/6000203780862.jpg | https://i5.walmartimages.ca/images/Enlarge/780/865/6000203780865.jpg,9,Sold by Walmart,"CRUST (WHEAT FLOUR, WATER, EXTRA-VIRGIN OLIVE OIL, SALT, SUGAR, YEAST, MALTED BARLEY FLOUR), CHEESE (MOZZARELLA, FONTINA AND PARMESAN CHEESES [MILK, BACTERIAL CULTURES, SALT, MICROBIAL ENZYMES, LIPASE, CELLULOSE], ROMANO CHEESE FROM SHEEP'S MILK [SHEEP'S  MILK, SALT, RENNET]), SAUCE (WATER,  TOMATO PASTE, BASIL, EXTRA-VIRGIN OLIVE OIL, GARLIC PURÉE, SALT, SUGAR, OREGANO, VINEGAR, THYME, SPICES, SOY OIL), EXTRA-VIRGIN OLIVE OIL, DEHYDRATED PARSLEY.","No egg,No fish,No mustard,No sesame,No shellfish,No artificials",Add to Cart; Find in Store,4.5,62,,
Walmart Canada,Drinks,Soft Drinks/Sodas,walmart.ca,https://www.walmart.ca/en/ip/schweppes-ginger-ale-15-x-222-ml-mini-cans/6000199799943,,15x222ml,Walmart.ca > Household Supplies & Pantry > Drinks > Soft Drinks > Other Soft Drinks,Schweppes,"Schweppes Ginger Ale, 15 x 222 mL mini cans",SKU:6000199799944,UPC:1660000141,ID:6000199799943,Walmart Item #:30269071,$5.67,,,,$0.17/100ML,"Nothing quenches thirst quite like the refreshingly crisp, bright ginger flavour of Schweppes* Ginger Ale, a taste tradition since 1783. This convenient 15-pack of 222 mL mini cans is always ready for sharing bubbles of fun!",,"[{""Flavour"":""Ginger Ale""},{""Storage Type"":""Shelf""},{""Clearout Deal"":""No""},{""Lifestyle\/Dietary Need"":""""}]",https://i5.walmartimages.ca/images/Enlarge/184/891/6000202184891.jpg | https://i5.walmartimages.ca/images/Enlarge/374/284/6000203374284.jpg | https://i5.walmartimages.ca/images/Enlarge/374/285/6000203374285.jpg | https://i5.walmartimages.ca/images/Enlarge/374/286/6000203374286.jpg | https://i5.walmartimages.ca/images/Enlarge/374/286/6000203374286.jpg,5,Sold by Walmart,"CARBONATED WATER, SUGAR/GLUCOSE-FRUCTOSE, CITRIC ACID, SODIUM BENZOATE, COLOUR, NATURAL FLAVOUR.",,Add to Cart; Find in Store,4.9,20,,
Walmart Canada,Drinks,Soft Drinks/Sodas,walmart.ca,https://www.walmart.ca/en/ip/grace-famous-island-soda-kola-champagne/6000188763421,,355 mL,Walmart.ca > Household Supplies & Pantry > Drinks > Soft Drinks > Other Soft Drinks,Grace,Grace Famous Island Soda Kola Champagne,SKU:6000188763422,UPC:5527084233,ID:6000188763421,Walmart Item #:30135149,$0.97,,,,$0.27/100ML,"Kola Champagne - Grace Famous Island Soda! The bottle is new, the label is unique, but with the same taste you always enjoyed. Grace Soda has evolved to become the new Grace Famous Island Soda. Our roots are in the islands, our flavours are inspired by its people and now, with two new flavours and a unique twist, literally under the cap.",,"[{""Singleserve"":""Yes""},{""International Foods"":""Caribbean""},{""Clearout Deal"":""No""},{""Lifestyle\/Dietary Need"":""No egg,No fish,No milk,No mustard,No sesame,No shellfish,No soy,No sulfite,No wheat,No lactose,Vegan-friendly,Vegetarian-friendly""}]",https://i5.walmartimages.ca/images/Enlarge/842/331/999999-55270842331.jpg | https://i5.walmartimages.ca/images/Enlarge/31_/nft/55270842331_NFT.jpg | https://i5.walmartimages.ca/images/Enlarge/31_/nft/55270842331_NFT.jpg,3,Sold by Walmart,"CARBONATED WATER, SUGAR / GLUCOSE- FRUCTOSE, NATURAL AND ARTIFICIAL FLAVOUR, CITRIC ACID, SODIUM BENZOATE, COLOUR.","No egg,No fish,No milk,No mustard,No sesame,No shellfish,No soy,No sulfite,No wheat,No lactose,Vegan-friendly,Vegetarian-friendly",Add to Cart; Find in Store,3.5,2,,
Walmart Canada,Drinks,Soft Drinks/Sodas,walmart.ca,https://www.walmart.ca/en/ip/grace-famous-island-soda-cream-soda/6000188763412,,355 mL,Walmart.ca > Household Supplies & Pantry > Drinks > Soft Drinks > Other Soft Drinks,Grace,Grace Famous Island Soda Cream Soda,SKU:6000188763413,UPC:5527084234,ID:6000188763412,Walmart Item #:30135146,$0.97,,,,$0.27/100ML,"Cream Soda - Grace Famous Island Soda! The bottle is new, the label is unique, but with the same taste you always enjoyed. Grace Soda has evolved to become the new Grace Famous Island Soda. Our roots are in the islands, our flavours are inspired by its people and now, with two new flavours and a unique twist, literally under the cap.",,"[{""Singleserve"":""Yes""},{""International Foods"":""Caribbean""},{""Clearout Deal"":""No""},{""Lifestyle\/Dietary Need"":""No egg,No fish,No milk,No mustard,No sesame,No shellfish,No soy,No sulfite,No wheat,No lactose,Vegan-friendly,Vegetarian-friendly""}]",https://i5.walmartimages.ca/images/Enlarge/842/348/999999-55270842348.jpg | https://i5.walmartimages.ca/images/Enlarge/48_/nft/55270842348_NFT.jpg | https://i5.walmartimages.ca/images/Enlarge/48_/nft/55270842348_NFT.jpg,3,Sold by Walmart,"CARBONATED WATER, SUGAR / GLUCOSE-FRUCTOSE, NATURAL AND ARTIFICIAL FLAVOUR, CITRIC ACID, SODIUM BENZOATE, COLOUR.","No egg,No fish,No milk,No mustard,No sesame,No shellfish,No soy,No sulfite,No wheat,No lactose,Vegan-friendly,Vegetarian-friendly",Add to Cart; Find in Store,3.3,4,,
Walmart Canada,Drinks,Soft Drinks/Sodas,walmart.ca,https://www.walmart.ca/en/ip/diet-pepsi-cola-355ml-bottles-8-pack/6000197305710,,8x355mL,Walmart.ca > Household Supplies & Pantry > Drinks > Soft Drinks > Diet Cola,Pepsi,"Diet Pepsi cola, 355mL bottles, 8 Pack",SKU:6000197305711,UPC:6900001079,ID:6000197305710,Walmart Item #:9221274,$5.47,,,,$0.19/100ML,"Diet Pepsi® soft drink is a bold, refreshing, robust cola, with zero calories. Perfect for parties, meals and celebrations big and small. This 8-pack of 355 mL bottles is ideal for sharing with family and friends.","•Crisp, refreshing, great tasting cola with zero calories.
•Perfect for any occasion or celebration.
•8-pack of 355 mL bottles is ideal for sharing with family and friends.
•","[{""Singleserve"":""No""},{""Storage Type"":""Shelf""},{""Clearout Deal"":""No""},{""Lifestyle\/Dietary Need"":""N\/A""}]",https://i5.walmartimages.ca/images/Enlarge/416/745/6000198416745.jpg | https://i5.walmartimages.ca/images/Enlarge/143/527/6000203143527.jpg | https://i5.walmartimages.ca/images/Enlarge/143/529/6000203143529.jpg | https://i5.walmartimages.ca/images/Enlarge/504/836/6000203504836.jpg | https://i5.walmartimages.ca/images/Enlarge/143/502/6000203143502.jpg | https://i5.walmartimages.ca/images/Enlarge/504/838/6000203504838.jpg,6,Sold by Walmart,"CARBONATED WATER, CARAMEL COLOUR, PHOSPHORIC ACID, ASPARTAME (207 mg/591mL), CONTAINS PHENYLALANINE), SODIUM BENZOATE, CAFFEINE, NATURAL FLAVOUR, ACESULFAME POTASSIUM (53 mg/591 mL), CITRIC ACID.",N/A,Add to Cart; Find in Store,4.5,21,,
Walmart Canada,Frozen,Pizzas,walmart.ca,https://www.walmart.ca/en/ip/michelinas-pizza-snax-pepperoni-496g/6000190577283,,,Walmart.ca > Grocery > Frozen Food > Frozen Pizza,Michelina's,Michelina's Pizza Snax Pepperoni 496g,SKU:6000190577284,UPC:71785421316,ID:6000190577283,Walmart Item #:30888216,$3.97,,,,$0.8/100GR,"Enjoy delicious pizza flavour in a bite sized snack! Whether you prepare them in the oven or microwave, Pizza Snax are a great after school treat for kids, or the perfect party appetizer for a hungry crowd.  Available in two flavours: Pepperoni and Cheese.",Contains 35,"[{""Product Type"":""Pepperoni""},{""Clearout Deal"":""No""},{""Lifestyle\/Dietary Need"":""No egg,No fish,No mustard,No sesame,No shellfish,No sulfite""}]",https://i5.walmartimages.ca/images/Enlarge/421/316/71785421316.jpg,1,Sold by Walmart,"ENRICHED WHEAT FLOUR, WATER, PEPPERONI (PORK, SALT, WATER, DEXTROSE, SPICES, LACTIC ACID STARTER CULTURE, SODIUM ASCORBATE, PAPRIKA OLEORESIN, FLAVOUR, CITRIC ACID, GARLIC POWDER, SODIUM NITRITE), MOZZARELLA CHEESE PRODUCT (MILK INGREDIENTS BACTERIAL CULTURE, MODIFIED CORN  STARCH, SALT, MICROBIAL ENZYME), TOMATO PASTE, SOYBEAN OIL, CORN STARCH, MODIFIED TAPIOCA STARCH, SALT, SODIUM BICARBONATE, BAKING POWDER, SUGAR, GRANULATED ONION, SPICES, SOY LECITHIN. CONTAINS: MILK, SOY, WHEAT","No egg,No fish,No mustard,No sesame,No shellfish,No sulfite",Add to Cart; Find in Store,4.5,2,,
Walmart Canada,Frozen,Pizzas,walmart.ca,https://www.walmart.ca/en/ip/dr-oetker-giuseppe-pizzeria-panini-bruschetta/6000196727284,,250 g,Walmart.ca > Grocery > Frozen Food > Frozen Pizza,Dr.Oetker,Dr. Oetker Giuseppe Pizzeria Panini Bruschetta,SKU:6000196727285,UPC:5833625340,ID:6000196727284,Walmart Item #:31326443,$3.47,,,,$1.39/100GR,"Dr. Oetker Giuseppe Pizzeria Panini Bruschetta is a tasty snack topped with tomatoes and cheese.
• Cook Time: 13-14 minutes",Vegetarian,"[{""Product Type"":""Vegetarian""},{""Storage Type"":""Frozen""},{""Clearout Deal"":""No""},{""Lifestyle\/Dietary Need"":""No egg,No fish,No sesame,No shellfish,No soy,No sulfite,Vegetarian-friendly""}]",https://i5.walmartimages.ca/images/Enlarge/253/409/999999-58336253409.jpg,1,Sold by Walmart,"CRUST: ENRICHED WHEAT FLOUR, WATER, SALT, YEAST, PALM AND CANOLA OIL, SUNFLOWER LECITHIN SAUCE: CRUSHED TOMATOES, CANOLA OIL, WATER, MODIFIED CORN STARCH, SUGAR, SALT, MONO AND DIGLYCERIDES, GARLIC, HERBS AND SPICE, CITRIC ACID TOPPINGS: DICED TOMATOES, MOZZARELLA CHEESE (MILK, SALT, MICROBIAL ENZYME, CALCIUM CHLORIDE, BACTERIAL CULTURE), HERBS CHEESE: EDAM AND CHEDDAR CHEESE (MILK, SALT, BACTERIAL CULTURE, MICROBIAL ENZYME, CALCIUM CHLORIDE, COLOUR) CONTAINS: WHEAT, MILK","No egg,No fish,No sesame,No shellfish,No soy,No sulfite,Vegetarian-friendly",Add to Cart; Find in Store,3.8,4,,
Walmart Canada,Frozen,Pizzas,walmart.ca,https://www.walmart.ca/en/ip/delissio-crispy-pan-meat-lovers-pizza-598-g/6000201003754,,598 GR,Walmart.ca > Grocery > Frozen Food > Frozen Pizza,Delissio,"DELISSIO Crispy Pan Meat Lovers Pizza, 598 g",SKU:6000201003755,UPC:7192100444,ID:6000201003754,Walmart Item #:30228394,$6.44,,,,$644/100GR,"Dig into edge-to-edge cheesy pizza deliciousness with each slice of DELISSIO Crispy Pan Meat Lovers Pizza (598 g). Each bite is loaded with high-quality ingredients for a hearty, fresh-baked taste, like Italian sausage, seasoned beef and pepperoni and a generous amount of cheese – the Meat Lovers Pizza lives up to its name! DELISSIO Crispy Pan Pizza cooks in its own pan, giving it that perfect crispy and caramelized crunchy outside with a rich, tender inside for extra indulgence. Since it's ready to bake in its own pan, all you need to do is slide this frozen pizza into the oven and then enjoy the perfect snack or meal for family dinner! IT'S NOT DELIVERY, IT'S DELISSIO!","• Crispy pan pizza, loaded with Italian sausage, seasoned beef, pepperoni and a generous amount of cheese all ready to bake in its own pan
• The irresistible crust is crunchy on the outside and tender on the inside
• Made with high-quality ingredients for a truly fresh-baked taste – feel free to add your own favourite ingredients on top before baking!
• Cooking is simple - just slide it in the oven and follow the package's instructions
• IT'S NOT DELIVERY, IT'S DELISSIO!","[{""Product Type"":""Meat""},{""Storage Type"":""Frozen""},{""Features"":""\u2022 Crispy pan pizza""},{""Features"":"" loaded with Italian sausage""},{""Features"":"" seasoned beef""},{""Features"":"" pepperoni and a generous amount of cheese all ready to bake in its own pan<br>\u2022 The irresistible crust is crunchy on the outside and tender on the inside<br>\u2022 Made with high-quality ingredients for a truly fresh-baked taste \u2013 feel free to add your own favourite ingredients on top before baking!<br>\u2022 Cooking is simple - just slide it in the oven and follow the package's instructions<br>\u2022 IT'S NOT DELIVERY""},{""Features"":"" IT'S DELISSIO!""},{""Batteries Included"":""N""},{""Clearout Deal"":""No""},{""Lifestyle\/Dietary Need"":""""}]",https://i5.walmartimages.com/asr/6a099e2d-8c47-4bd1-8945-a4a698cc01fa.69b21ac296e74308f6a894abac6e26c5.jpeg?odnHeight=2000&odnWidth=2000&odnBg=ffffff | https://i5.walmartimages.com/asr/7f47b5a1-1679-4c31-82d5-67028a24e3a6.b1090395e1e2bda7c2c6f89d80fdbb54.jpeg?odnHeight=2000&odnWidth=2000&odnBg=ffffff | https://i5.walmartimages.com/asr/9734f6f1-919c-4f45-8fc7-6da964eafa04.92810b268dbd68474575c36d5536da14.jpeg?odnHeight=2000&odnWidth=2000&odnBg=ffffff | https://i5.walmartimages.com/asr/23ceaf35-3ecb-4aa0-af14-b00bf2d630dd.f7d2e9dcae017e643493b0a0da7d4564.jpeg?odnHeight=2000&odnWidth=2000&odnBg=ffffff | https://i5.walmartimages.com/asr/a3771d1d-beaf-4099-8e65-754b278ed661.8491086f99afb6bccafa1cfe23793c5d.jpeg?odnHeight=2000&odnWidth=2000&odnBg=ffffff | https://i5.walmartimages.com/asr/5747f85f-b772-4898-b8ed-d97692fe05c8.3a3b3c2784b498b1a0366ca303fa9d54.jpeg?odnHeight=2000&odnWidth=2000&odnBg=ffffff,6,Sold by Walmart,Crust (Wheat Flour,,Add to Cart; Find in Store,3.8,80,,
Walmart Canada,Drinks,Soft Drinks/Sodas,walmart.ca,https://www.walmart.ca/en/ip/canada-dry-club-soda-lemon-lime-355-ml-cans-12-pack/6000194230902,,12 x 355 ml,Walmart.ca > Household Supplies & Pantry > Drinks > Soft Drinks > Other Soft Drinks,Canada Dry,"Canada Dry® Club Soda Lemon-Lime 355 mL Cans, 12 Pack",SKU:6000194230903,UPC:6210001015,ID:6000194230902,Walmart Item #:30190846,$5.47,,,,$0.13/100ML,"Canada Dry Club Soda Lemon-Lime is a refreshing, sugar free, unsweetened, zero calorie and low sodium everyday sparkling beverage option.  It’s naturally flavoured with a hint of lemon and lime.  A great tasting bubbly alternative to your daily water intake.","Unsweetened and caffeine free
Ideal can size for pairing with individual meals or snacks
Can be enjoyed alone or while entertaining family and friends
Best savoured chilled for a revitalizing beverage experience","[{""Flavour"":""Citrus""},{""Singleserve"":""No""},{""Storage Type"":""Refrigerate""},{""Clearout Deal"":""No""},{""Lifestyle\/Dietary Need"":""No egg,No fish,No milk,No mustard,No sesame,No shellfish,No soy,No sulfite,No wheat,No lactose,No artificials,No added sugars,Paleo-friendly,Vegan-friendly,Vegetarian-friendly,Whole30-friendly""}]",https://i5.walmartimages.ca/images/Enlarge/001/015/999999-6210001015.jpg | https://i5.walmartimages.ca/images/Enlarge/162/382/6000200162382.jpg | https://i5.walmartimages.ca/images/Enlarge/192/609/6000200192609.jpg | https://i5.walmartimages.ca/images/Enlarge/192/682/6000200192682.jpg | https://i5.walmartimages.ca/images/Enlarge/192/630/6000200192630.jpg | https://i5.walmartimages.ca/images/Enlarge/192/641/6000200192641.jpg | https://i5.walmartimages.ca/images/Enlarge/192/730/6000200192730.jpg | https://i5.walmartimages.ca/images/Enlarge/162/222/6000200162222.jpg | https://i5.walmartimages.ca/images/Enlarge/162/222/6000200162222.jpg,9,Sold by Walmart,"CARBONATED WATER, POTASSIUM BICARBONATE, POTASSIUM CITRATE, NATURAL FLAVOUR.","No egg,No fish,No milk,No mustard,No sesame,No shellfish,No soy,No sulfite,No wheat,No lactose,No artificials,No added sugars,Paleo-friendly,Vegan-friendly,Vegetarian-friendly,Whole30-friendly",Add to Cart; Find in Store,4.5,47,,
Walmart Canada,Drinks,Coffee,walmart.ca,https://www.walmart.ca/en/ip/nescaf-gold-espresso-instant-coffee-100-g/6000197843405,,100 GR,Walmart.ca > Household Supplies & Pantry > Drinks > Coffee > Instant Coffee,NESCAFÉ,NESCAFÉ GOLD™ Espresso Instant Coffee 100 g,SKU:6000197843406,UPC:5500037776,ID:6000197843405,Walmart Item #:30324939,$5.97,,,,$5.97/100GR,"Exceed all expectations when it comes to instant coffee with new NESCAFÉ GOLD™ Espresso Instant Coffee (100 g). Made with a smooth blend of Arabica coffee and a velvety layer of coffee crema, you can brew a small cup full of extraordinary flavour. Perfect for making a traditional espresso, or a delicate cup of Americano.","• Made with premium Arabica beans, hand-picked.
• A smooth blend of Arabica coffee and a velvety layer of coffee crema.
• Exceeds all expectations you have for instant coffee.
• Easy to experiment and customize to your own perfect cup.
• Great for making a traditional espresso, or a delicate cup of Americano.","[{""Product Type"":""Espresso""},{""Decaffeinated"":""No""},{""Singleserve"":""No""},{""Storage Type"":""Shelf""},{""Clearout Deal"":""No""},{""Lifestyle\/Dietary Need"":""No egg,No fish,No mustard,No sesame,No shellfish,No soy,No sulfite,No wheat,No artificials,No added sugars""}]",https://i5.walmartimages.ca/images/Enlarge/941/387/6000197941387.jpg | https://i5.walmartimages.ca/images/Enlarge/941/379/6000197941379.jpg | https://i5.walmartimages.ca/images/Enlarge/941/394/6000197941394.jpg | https://i5.walmartimages.ca/images/Enlarge/941/382/6000197941382.jpg | https://i5.walmartimages.ca/images/Enlarge/941/380/6000197941380.jpg,5,Sold by Walmart,INSTANT COFFEE 100% ARABICA with Crema,"No egg,No fish,No mustard,No sesame,No shellfish,No soy,No sulfite,No wheat,No artificials,No added sugars",Add to Cart; Find in Store,4,5342,,1
Walmart Canada,Drinks,Soft Drinks/Sodas,walmart.ca,https://www.walmart.ca/en/ip/san-pellegrino-grapefruit-sparkling-fruit-beverage/6000196180627,,6 x 330 mL,Walmart.ca > Household Supplies & Pantry > Drinks > Soft Drinks > Other Soft Drinks,S. Pellegrino,San Pellegrino Grapefruit Sparkling Fruit Beverage,SKU:10290161,UPC:4150851168,ID:6000196180627,Walmart Item #:30325783,$5.77,$4.97,,$Rollback,$0.25/100ML,Experience the delicious flavours of San Pellegrino's sparkling fruit beverage orginating from Italy,"Unique and refreshing taste with authentic fruit-based ingredients, Contains a unique foil top cover, Imported from Italy","[{""Flavour"":""Other""},{""Singleserve"":""No""},{""Storage Type"":""Shelf""},{""International Foods"":""Italian""},{""Clearout Deal"":""No""},{""Lifestyle\/Dietary Need"":""""}]",https://i5.walmartimages.ca/images/Enlarge/899/224/6000200899224.jpg | https://i5.walmartimages.ca/images/Enlarge/899/207/6000200899207.jpg | https://i5.walmartimages.ca/images/Enlarge/899/208/6000200899208.jpg | https://i5.walmartimages.ca/images/Enlarge/899/210/6000200899210.jpg | https://i5.walmartimages.ca/images/Enlarge/899/211/6000200899211.jpg | https://i5.walmartimages.ca/images/Enlarge/899/226/6000200899226.jpg | https://i5.walmartimages.ca/images/Enlarge/81_/nft/41508511681_NFT.jpg | https://i5.walmartimages.ca/images/Enlarge/81_/nft/41508511681_NFT.jpg,8,Sold by Walmart,"Water, Grapefruit Juice from Concentrate, Sugar, Carbon Dioxide, Citric Acid (Acidulant), Natural Flavour",,Add to Cart; Find in Store,5,1,,
Walmart Canada,Drinks,Soft Drinks/Sodas,walmart.ca,https://www.walmart.ca/en/ip/snapple-peach-tea/6000199255169,,473ml,Walmart.ca > Household Supplies & Pantry > Drinks > Soft Drinks > Other Soft Drinks,Snapple,Snapple Peach Tea,SKU:6000199255170,UPC:7618300444,ID:6000199255169,Walmart Item #:31650442,$1.97,,,,$0.42/100ML,"To peach their own. We took smooth Snapple tea and juiced it up with perfect peach flavour to make one peach of an iced tea. Next time you crave the real flavour of peach, reach for a Snapple Peach Tea.",,"[{""Flavour"":""Not Applicable""},{""Singleserve"":""Yes""},{""Storage Type"":""Shelf""},{""Lifestyle\/Dietary Need"":""No egg,No fish,No milk,No mustard,No sesame,No shellfish,No soy,No sulfite,No wheat,No lactose,No artificials,Vegan-friendly,Vegetarian-friendly""}]",https://i5.walmartimages.ca/images/Enlarge/744/018/6000199744018.jpg,1,Sold by Walmart,"WATER (FILTERED), SUGAR, CITRIC ACID, GREEN AND BLACK TEA, NATURAL FLAVOUR.","No egg,No fish,No milk,No mustard,No sesame,No shellfish,No soy,No sulfite,No wheat,No lactose,No artificials,Vegan-friendly,Vegetarian-friendly",Add to Cart; Find in Store,5,1,,
Walmart Canada,Drinks,Soft Drinks/Sodas,walmart.ca,https://www.walmart.ca/en/ip/grace-famous-island-soda-pineapple-coconut-soda/6000188768628,,355 mL,Walmart.ca > Household Supplies & Pantry > Drinks > Soft Drinks > Other Soft Drinks,Grace,Grace Famous Island Soda Pineapple Coconut Soda,SKU:6000188768629,UPC:5527071010,ID:6000188768628,Walmart Item #:30993916,$0.97,,,,$0.27/100ML,Grace Island Soda Pineapple Coconut is 100% Pure Juice blend from concentrate with natural flavour and a good source of vitamin C,,"[{""Singleserve"":""Yes""},{""International Foods"":""Caribbean""},{""Clearout Deal"":""No""},{""Lifestyle\/Dietary Need"":""No egg,No fish,No milk,No mustard,No sesame,No shellfish,No soy,No sulfite,No wheat,No lactose,Vegan-friendly,Vegetarian-friendly""}]",https://i5.walmartimages.ca/images/Enlarge/710/104/999999-55270710104.jpg,1,Sold by Walmart,"CARBONATED WATER, HIGH FRUCTOSE CORN SYRUP, CITRIC ACID, SODIUM BENZOATE, SODIUM CITRATE, NATURAL AND ARTIFICIAL FLAVOUR, COLOUR","No egg,No fish,No milk,No mustard,No sesame,No shellfish,No soy,No sulfite,No wheat,No lactose,Vegan-friendly,Vegetarian-friendly",Add to Cart; Find in Store,5,3,,
Walmart Canada,Drinks,Soft Drinks/Sodas,walmart.ca,https://www.walmart.ca/en/ip/snapple-lemon-ice-tea/6000199255577,,473ml,Walmart.ca > Household Supplies & Pantry > Drinks > Soft Drinks > Other Soft Drinks,Snapple,Snapple Lemon Ice Tea,SKU:6000199255578,UPC:7618300442,ID:6000199255577,Walmart Item #:31650440,$1.97,,,,$0.42/100ML,Life handed us lemons; we picked the best ones and blended their lemon flavour with real tea to create our famous Snapple Lemon Iced Tea. Lemon has never had it so good..,,"[{""Flavour"":""Lemon""},{""Singleserve"":""Yes""},{""Storage Type"":""Shelf""},{""Clearout Deal"":""No""},{""Lifestyle\/Dietary Need"":""No egg,No fish,No milk,No mustard,No sesame,No shellfish,No soy,No sulfite,No wheat,No lactose,No artificials,Vegan-friendly,Vegetarian-friendly""}]",https://i5.walmartimages.ca/images/Enlarge/744/020/6000199744020.jpg,1,Sold by Walmart,"WATER (FILTERED), SUGAR, CITRIC ACID, GREEN AND BLACK TEA, NATURAL FLAVOUR.","No egg,No fish,No milk,No mustard,No sesame,No shellfish,No soy,No sulfite,No wheat,No lactose,No artificials,Vegan-friendly,Vegetarian-friendly",Add to Cart; Find in Store,0,,,
Walmart Canada,Drinks,Soft Drinks/Sodas,walmart.ca,https://www.walmart.ca/en/ip/canada-dry-cranberry-ginger-ale-500-ml-bottle/6000197169714,,500 mL Bottle,Walmart.ca > Household Supplies & Pantry > Drinks > Soft Drinks > Other Soft Drinks,Canada Dry,Canada Dry®Cranberry Ginger Ale 500 mL Bottle,SKU:6000197169715,UPC:6210000009,ID:6000197169714,Walmart Item #:30552174,$1.98,,,,$0.4/100ML,"Canada Dry Cranberry Ginger Ale has the refreshing, crisp and clean taste of ginger ale and cranberry flavour.  Perfect for relaxing or enjoying during the holidays.","Caffeine free
The ideal bottle size for pairing with individual meals or snacks
A resealable bottle for lasting enjoyment at home or on the go
Best savoured chilled for that ultimate refreshing beverage experience","[{""Flavour"":""Ginger Ale""},{""Storage Type"":""Refrigerate""},{""Clearout Deal"":""No""},{""Lifestyle\/Dietary Need"":""No egg,No fish,No milk,No mustard,No sesame,No shellfish,No soy,No sulfite,No wheat,No lactose,Vegan-friendly,Vegetarian-friendly""}]",https://i5.walmartimages.ca/images/Enlarge/162/357/6000200162357.jpg | https://i5.walmartimages.ca/images/Enlarge/162/409/6000200162409.jpg | https://i5.walmartimages.ca/images/Enlarge/192/600/6000200192600.jpg | https://i5.walmartimages.ca/images/Enlarge/162/320/6000200162320.jpg | https://i5.walmartimages.ca/images/Enlarge/162/320/6000200162320.jpg,5,Sold by Walmart,"CARBONATED WATER, SUGAR/GLUCOSE-FRUCTOSE, CITRIC ACID, NATURAL AND ARTIFICIAL FLAVOUR, SODIUM BENZOATE, COLOUR.","No egg,No fish,No milk,No mustard,No sesame,No shellfish,No soy,No sulfite,No wheat,No lactose,Vegan-friendly,Vegetarian-friendly",Add to Cart; Find in Store,0,,,
Walmart Canada,Drinks,Soft Drinks/Sodas,walmart.ca,https://www.walmart.ca/en/ip/nestea-lemon-iced-tea-with-50-less-sugar-715-g/6000196665048,,715 GR,Walmart.ca > Household Supplies & Pantry > Drinks > Drink Mixes > Powdered Drink Mixes,NESTEA,NESTEA® Lemon Iced Tea with 50% Less Sugar 715 g,SKU:6000196665049,UPC:5500013111,ID:6000196665048,Walmart Item #:30466480,$5.47,,,,$0.77/100GR,"NESTEA® Lemon Iced Tea with 50% Less Sugar (715 g) features a refreshing, delicious taste of iced tea infused with real tea leaves and lemon flavours, in a convenient re-sealable pouch. Proudly prepared in Canada, each sip has the signature taste you know and love, with 50% less sugar than the original! Quench your thirst by mixing up a refreshing glass for you or your family in seconds – it's the perfect drink to enjoy after a hot day.","• Enjoy our signature and irresistible NESTEA® Lemon Iced Tea that's infused with real tea leaves and no artificial flavours
• Prepared in Canada with 50% less sugar than our original (per 375 ml serving)
• A convenient pouch with enough mix for approximately 44 glasses
• Made with just 5 simple ingredients
• 60 calories per 1 tbsp. (16 g) serving","[{""Product Type"":""Powder""},{""Flavour"":""Lemon""},{""Singleserve"":""No""},{""Storage Type"":""Shelf""},{""Clearout Deal"":""No""},{""Lifestyle\/Dietary Need"":""No egg,No fish,No milk,No mustard,No sesame,No shellfish,No soy,No sulfite,No wheat,No lactose,Kosher,Vegan-friendly,Vegetarian-friendly""}]",https://i5.walmartimages.ca/images/Enlarge/940/784/6000196940784.jpg | https://i5.walmartimages.ca/images/Enlarge/940/781/6000196940781.jpg | https://i5.walmartimages.ca/images/Enlarge/940/767/6000196940767.jpg | https://i5.walmartimages.ca/images/Enlarge/940/764/6000196940764.jpg | https://i5.walmartimages.ca/images/Enlarge/940/770/6000196940770.jpg | https://i5.walmartimages.ca/images/Enlarge/940/783/6000196940783.jpg,6,Sold by Walmart,"SUGAR, CITRIC ACID, INSTANT TEA, ARTIFICIAL FLAVOUR, SALT, SILICON DIOXIDE.","No egg,No fish,No milk,No mustard,No sesame,No shellfish,No soy,No sulfite,No wheat,No lactose,Kosher,Vegan-friendly,Vegetarian-friendly",Add to Cart; Find in Store,2.2,57,,
Walmart Canada,Frozen,Pizzas,walmart.ca,https://www.walmart.ca/en/ip/great-value-thin-and-crispy-pepperoni-mushroom-and-ham-pizza/6000199206365,,370 g,Walmart.ca > Grocery > Frozen Food > Frozen Pizza,Great Value,"Great Value Thin and Crispy Pepperoni, Mushroom and Ham Pizza",SKU:6000199206366,UPC:62891582900,ID:6000199206365,Walmart Item #:30747880,$3.27,,,,$327/100GR,"No matter how you slice it, Great Value Thin & Crispy Pepperoni, Mushroom & Ham Pizza delivers outstanding flavour and incredible quality in every box. Enjoy every delicious bite of this thin and crispy pizza featuring tomato sauce, mozzarella and edam cheeses, pepperoni, mushrooms and ham. Pizza night has never been so easy!","• Mozzarella and edam cheeses, pepperoni, mushrooms and ham
• Cook time: 13 minutes
• Made in Canada from domestic and imported ingredients
• Free from artificial flavours and colours","[{""Product Type"":""Meat""},{""Storage Type"":""Frozen""},{""Walmart Exclusive"":""Yes""},{""Lifestyle\/Dietary Need"":""No artificials""}]",https://i5.walmartimages.ca/images/Enlarge/800/320/6000199800320.jpg | https://i5.walmartimages.ca/images/Enlarge/900/6_1/628915829006_1.jpg | https://i5.walmartimages.ca/images/Enlarge/06_/nft/628915829006_NFT.jpg,3,Sold by Walmart,"Crust: enriched wheat flour, water, canola oil, yeast, sugar, salt, guar gum. Toppings: mozzarella cheese (part skim milk, modified milk ingredients, bacterial culture, salt, calcium chloride, microbial enzyme), pepperoni (pork, salt, pork stock, dextrose, spice extractives, lactic acid starter culture, sodium erythorbate, natural smoke flavour, dehydrated garlic, sodium nitrite, citric acid, smoke), mushrooms, ham (pork, water, salt, corn syrup solids, sodium phosphate, spices, sodium erythorbate, sodium nitrite), edam cheese (milk, bacterial culture, salt, calcium chloride, microbial enzyme), dried oregano. Sauce: water, crushed tomatoes, extra virgin olive oil, sugar, salt, garlic powder, vinegar, spice, onion powder.Contains: milk, wheat. May contain: eggs, soy, mustard.",No artificials,Add to Cart; Find in Store,3,1,,
Walmart Canada,Frozen,Pizzas,walmart.ca,https://www.walmart.ca/en/ip/dr-oetker-giuseppe-pizzeria-bruschetta-fingers-pizza/6000202673280,,405g,Walmart.ca > Grocery > Frozen Food > Frozen Pizza,Dr.Oetker,Dr. Oetker Giuseppe Pizzeria Bruschetta Fingers Pizza,SKU:6000202673281,UPC:5833687000,ID:6000202673280,Walmart Item #:31158638,$3.47,,,,$347/100GR,"Dr. Oetker Giuseppe Pizzeria Bruschetta Fingers are made with diced tomato, mozzarella cheese and red onions with balsamic vinegar.
• Made with diced tomato, mozzarella cheese and red onions with balsamic vinegar
• Cook Time: 15-17 minutes 
• Made in Canada from domestic and imported ingredients","Vegetarian
Made in Canada","[{""Product Type"":""Other""},{""Storage Type"":""Frozen""},{""Clearout Deal"":""No""},{""Lifestyle\/Dietary Need"":""No egg,No fish,No mustard,No sesame,No shellfish,Vegetarian-friendly""}]",https://i5.walmartimages.ca/images/Enlarge/797/954/6000202797954.jpg | https://i5.walmartimages.ca/images/Enlarge/138/063/6000204138063.jpg | https://i5.walmartimages.ca/images/Enlarge/138/064/6000204138064.jpg | https://i5.walmartimages.ca/images/Enlarge/138/066/6000204138066.jpg,4,Sold by Walmart,"Enriched wheat flour, Diced tomatoes, Water, Mozzarella cheese (milk), Tomato puree (tomatoes, citric acid), Soya oil, Red onions, Extra virgin olive oil, Yeast, Balsamic vinegar (wine vinegar, concentrated grape must, caramel colour, sulphites), Salt, Herbs, Sugars (sugar, dextrose), Garlic and onion purée (garlic, onion, water, soya oil, citric acid), Modified corn starch, Spices, Hydrolyzed corn protein. Contains: Wheat, Milk, Sulphites. May contain: Citric acid.","No egg,No fish,No mustard,No sesame,No shellfish,Vegetarian-friendly",Add to Cart; Find in Store,4.2,40,,
Walmart Canada,Frozen,Pizzas,walmart.ca,https://www.walmart.ca/en/ip/delissio-crispy-pan-loaded-four-cheese-pizza-570-g/6000201002786,,570 GR,Walmart.ca > Grocery > Frozen Food > Frozen Pizza,Delissio,"DELISSIO Crispy Pan Loaded Four Cheese Pizza, 570 g",SKU:6000201002787,UPC:7192100443,ID:6000201002786,Walmart Item #:30228430,$6.44,,,,$644/100GR,"Dig into edge-to-edge cheesy pizza deliciousness with each slice of DELISSIO Crispy Pan Loaded Four Cheese Pizza (570 g). Each bite is perfect for cheese-lovers since it's loaded with high-quality, pure pizza satisfaction ingredients, starting and ending with tons of cheese: part-skimmed mozzarella, parmesan, asiago and Romano cheeses and whatever toppings you might want to add yourself! DELISSIO Crispy Pan Pizza cooks in its own pan, giving it that perfect crispy and caramelized crunchy outside with a rich, tender inside for extra indulgence. Since it's ready to bake in its own pan, all you need to do is slide this frozen pizza into the oven and then enjoy the perfect snack or meal for a family dinner! IT'S NOT DELIVERY, IT'S DELISSIO!","• Crispy pan pizza, a real cheese-lovers pizza loaded with part-skimmed mozzarella, parmesan, asiago and Romano cheeses
• The irresistible crust is crunchy on the outside and tender on the inside
• Made with high-quality ingredients for a truly fresh-baked taste – feel free to add your own favourite ingredients on top before baking!
• Cooking is simple - just slide it in the oven and follow the package's instructions
• IT'S NOT DELIVERY, IT'S DELISSIO!","[{""Product Type"":""Cheese""},{""Storage Type"":""Frozen""},{""Clearout Deal"":""No""},{""Lifestyle\/Dietary Need"":""""}]",https://i5.walmartimages.ca/images/Enlarge/058/595/6000201058595.jpg | https://i5.walmartimages.ca/images/Enlarge/058/596/6000201058596.jpg | https://i5.walmartimages.ca/images/Enlarge/058/597/6000201058597.jpg | https://i5.walmartimages.ca/images/Enlarge/058/598/6000201058598.jpg | https://i5.walmartimages.ca/images/Enlarge/925/864/6000203925864.jpg | https://i5.walmartimages.ca/images/Enlarge/138/064/6000201138064.jpg | https://i5.walmartimages.ca/images/Enlarge/138/064/6000201138064.jpg,7,Sold by Walmart,"Crust (Wheat Flour, Water, Corn Oil, Wheat Gluten, Yeast, Sugar, Salt, Milk Ingredient, Flavour, Ascorbic Acid), Part Skim Mozzarella, Parmesan, Asiago, And Romano Cheeses (Milk Ingredients, Bacterial Culture, Salt, Microbial Enzyme, Lipase, Cellulose), Sauce (Water, Tomato Paste, Soya Oil, Salt, Garlic, Spices And Herbs).",,Add to Cart; Find in Store,4.4,73,,
Walmart Canada,Drinks,Soft Drinks/Sodas,walmart.ca,https://www.walmart.ca/en/ip/7up/6000197304292,,8x355mL,Walmart.ca > Household Supplies & Pantry > Drinks > Soft Drinks > Other Soft Drinks,7UP,7UP,SKU:6000197304293,UPC:6540001022,ID:6000197304292,Walmart Item #:9221281,$5.47,,,,$0.19/100ML,"Enjoy the refreshing taste of 7up® soft drink made with 100% natural flavours. A clear soda that is an uplifting combination of lemon, lime, and bubbles. 8 count of 355mL / 12oz cans - Great value of your favourite drink!","• 100% Natural Flavours
• Caffeine Free
• Refreshing lemon and lime flavours","[{""Singleserve"":""No""},{""Storage Type"":""Shelf""},{""Clearout Deal"":""No""},{""Lifestyle\/Dietary Need"":""N\/A""}]",https://i5.walmartimages.ca/images/Enlarge/416/754/6000198416754.jpg | https://i5.walmartimages.ca/images/Enlarge/143/524/6000203143524.jpg | https://i5.walmartimages.ca/images/Enlarge/504/793/6000203504793.jpg | https://i5.walmartimages.ca/images/Enlarge/504/800/6000203504800.jpg,4,Sold by Walmart,"CARBONATED WATER, GLUCOSE-FRUCTOSE AND/OR SUGAR, CITRIC ACID, NATURAL FLAVOURS, MALIC ACID, SODIUM CITRATE, SODIUM BENZOATE.",N/A,Add to Cart; Find in Store,4.6,21,,
Walmart Canada,Drinks,Coffee,walmart.ca,https://www.walmart.ca/en/ip/maxwell-house-decaf-instant-coffee/6000145830580,,150g,Walmart.ca > Household Supplies & Pantry > Drinks > Coffee > Instant Coffee,Maxwell House,Maxwell House Decaf Instant Coffee,SKU:10298651,UPC:6618813170,ID:6000145830580,Walmart Item #:9235471,$4.97,,,,$3.31/100GR,150 Gram Jar of Instant Coffee. 100% Pure Decaffeinated Coffee. Maxwell House coffee is good to the last drop.  Jar is recyclable where facilities exist. Roasted to perfection and perfect for life on the go.,"•100% Pure Decaffeinated Coffee
•Good to the last drop
•Container recyclable where facilities exist
•Resealable lid
•Perfectly roasted for a smooth, balanced taste","[{""Flavour"":""Other""},{""Product Type"":""Instant""},{""Decaffeinated"":""Yes""},{""Singleserve"":""No""},{""Storage Type"":""Shelf""},{""Clearout Deal"":""No""},{""Lifestyle\/Dietary Need"":""No egg,No fish,No milk,No mustard,No sesame,No shellfish,No soy,No sulfite,No wheat,No lactose,No artificials,Kosher,No added sugars,Paleo-friendly,Vegan-friendly,Vegetarian-friendly,Whole30-friendly""}]",https://i5.walmartimages.ca/images/Enlarge/131/707/999999-00066188131707.jpg | https://i5.walmartimages.ca/images/Enlarge/552/627/6000200552627.jpg,2,Sold by Walmart,"INGREDIENT: 100% PURE DECAFFEINATED COFFEE, NATURALLY DECAFFEINATED USING CARBON DIOXIDE.","No egg,No fish,No milk,No mustard,No sesame,No shellfish,No soy,No sulfite,No wheat,No lactose,No artificials,Kosher,No added sugars,Paleo-friendly,Vegan-friendly,Vegetarian-friendly,Whole30-friendly",Add to Cart; Find in Store,4.7,32,,6
Walmart Canada,Drinks,Soft Drinks/Sodas,walmart.ca,https://www.walmart.ca/en/ip/aw-root-beer-341ml-glass-bottle-4-pack/6000202995836,,4 x 341 mL,Walmart.ca > Household Supplies & Pantry > Drinks > Soft Drinks > Cola,A&W,"A&W Root Beer 341mL Glass Bottle, 4 Pack",SKU:6000202995837,UPC:5953100235,ID:6000202995836,Walmart Item #:31270887,$5.97,,,,$0.44/100ML,"Treat yourself to the classic taste of A&W Root Beer crafted with natural cane sugar and all-natural flavours like sarsaparilla, birch bark, licorice and anise.","Crafted with all-natural flavours
Sweetened with cane sugar
Naturally caffeine-free
Convenient pack of four to be enjoyed with meals or on the go
Bring home the authentic, delicious, creamy taste of A&W Root Beer","[{""Flavour"":""Other""},{""Storage Type"":""Refrigerate""},{""Clearout Deal"":""No""},{""Lifestyle\/Dietary Need"":""""}]",https://i5.walmartimages.ca/images/Enlarge/257/167/6000203257167.jpg | https://i5.walmartimages.ca/images/Enlarge/257/171/6000203257171.jpg | https://i5.walmartimages.ca/images/Enlarge/257/199/6000203257199.jpg | https://i5.walmartimages.ca/images/Enlarge/257/174/6000203257174.jpg | https://i5.walmartimages.ca/images/Enlarge/257/196/6000203257196.jpg,5,Sold by Walmart,"Carbonated water, cane sugar, natural flavour, colour, sodium benzoate, quillaia extract",,Add to Cart; Find in Store,5,1,,
Walmart Canada,Drinks,Soft Drinks/Sodas,walmart.ca,https://www.walmart.ca/en/ip/diet-coke-300ml-mini-bottles-8-pack/6000199465166,,8 x 300mL,Walmart.ca > Household Supplies & Pantry > Drinks > Soft Drinks > Diet Cola,Diet Coke,"Diet Coke 300mL Mini Bottles, 8 Pack",SKU:6000199465167,UPC:6700000923,ID:6000199465166,Walmart Item #:30699175,$5.47,,,,$0.23/100ML,"Crisp, cold, and reliable, this is the one and only Diet Coke —your everyday wing (wo)man, your deliciously fizzy go-to companion. This is the kind of sugar-free soda that you want throughout your day. Whether you’re looking for a tasty way start to your day, or to refresh your afternoon. You'll never be lost with a Diet Coke.
 
Diet Coke always hits the spot especially during afternoon breaks from work or mid-day get-togethers with friends in the backyard. In fact, it’s basically a friend itself. Because it’s the best kind of familiar, and something you never have to second guess. You trust it, and it’s always there for you whenever you want it. 
   
Diet Coke also comes in a caffeine free option. And if you’re looking to excite your taste buds even more, there’s a host of different flavours to satisfy. Really, it’s just the diet cola you know you can turn to, no matter what you’re looking for. 
 
So when you want a diet soda, think Diet Coke. Because Diet Coke is an original, just like you. Oh yeah, and it’s incredibly refreshing. Always.","Diet Coke is a delicious, crisp, sparkling diet cola that’s fizzing delicious
No Calories, sugar-free
Diet Coke, Because I Can
38 mg of caffeine per 300 mL serving
300 mL per mini bottle of diet soda","[{""Flavour"":""Cola""},{""Storage Type"":""Refrigerate""},{""Clearout Deal"":""No""},{""Lifestyle\/Dietary Need"":""No egg,No fish,No milk,No mustard,No sesame,No shellfish,No soy,No sulfite,No wheat,No lactose,Kosher,No added sugars,Vegan-friendly,Vegetarian-friendly""}]",https://i5.walmartimages.ca/images/Enlarge/462/648/6000200462648.jpg | https://i5.walmartimages.ca/images/Enlarge/462/649/6000200462649.jpg | https://i5.walmartimages.ca/images/Enlarge/280/325/6000202280325.jpg | https://i5.walmartimages.ca/images/Enlarge/280/372/6000202280372.jpg | https://i5.walmartimages.ca/images/Enlarge/280/395/6000202280395.jpg | https://i5.walmartimages.ca/images/Enlarge/280/424/6000202280424.jpg | https://i5.walmartimages.ca/images/Enlarge/280/406/6000202280406.jpg | https://i5.walmartimages.ca/images/Enlarge/976/806/6000202976806.jpg | https://i5.walmartimages.ca/images/Enlarge/280/394/6000202280394.jpg,9,Sold by Walmart,"CARBONATED WATER, CARAMEL COULOUR, PHOSPHORIC AND CITRIC ACID, ASPARTAME (CONTAINS PHENYLALANINE), FLAVOUR, SODIUM BENZOATE, CAFFEINE, ACESULFAME-POTASSIUM.","No egg,No fish,No milk,No mustard,No sesame,No shellfish,No soy,No sulfite,No wheat,No lactose,Kosher,No added sugars,Vegan-friendly,Vegetarian-friendly",Add to Cart; Find in Store,0,,,
Walmart Canada,Drinks,Soft Drinks/Sodas,walmart.ca,https://www.walmart.ca/en/ip/grace-malta-malt-beverage/6000188762780,,341 mL,Walmart.ca > Household Supplies & Pantry > Drinks > Soft Drinks > Other Soft Drinks,Grace,Grace Malta Malt Beverage,SKU:6000188762781,UPC:5527000001,ID:6000188762780,Walmart Item #:9223095,$1.17,,,,$0.34/100EA,"Grace Malta - Malta (also called young beer, children's beer, or wheat soda) is a type of soft drink. It is a carbonated malt beverage, meaning it is brewed from barley, hops, and water much like beer; corn and caramel color may also be added. However, malta is non-alcoholic, and is consumed in the same way as soda or cola in its original carbonated form",,"[{""Singleserve"":""Yes""},{""International Foods"":""Caribbean""},{""Clearout Deal"":""No""},{""Lifestyle\/Dietary Need"":""No egg,No fish,No milk,No mustard,No sesame,No shellfish,No soy,No sulfite,No wheat,No lactose,No artificials,Vegan-friendly,Vegetarian-friendly""}]",https://i5.walmartimages.ca/images/Enlarge/000/014/999999-55270000014.jpg,1,Sold by Walmart,"WATER, MALT, SUGAR AND HOPS.","No egg,No fish,No milk,No mustard,No sesame,No shellfish,No soy,No sulfite,No wheat,No lactose,No artificials,Vegan-friendly,Vegetarian-friendly",Add to Cart; Find in Store,3,4,,
Walmart Canada,Drinks,Soft Drinks/Sodas,walmart.ca,https://www.walmart.ca/en/ip/coca-cola-500ml-bottle/6000196224007,,500 mL Bottle,Walmart.ca > Grocery > Drinks > Soft Drinks > Cola,Coca-Cola,Coca-Cola 500mL Bottle,SKU:6000196224008,UPC:6700000462,ID:6000196224007,Walmart Item #:31097622,$1.98,,,,$0.4/100ML,"Soda. Pop. Soft drink. Sparkling beverage. Carbonated drink.

Whatever you call it, nothing compares to the refreshing, crisp taste of Coca-Cola, the delicious soda you know and love. Enjoy with friends, on the go or with a meal. Whatever the occasion, wherever you are, Coca-Cola makes life’s special moments a little bit better.

Since 1886, its great taste has stood the test of time. Something so delicious, so unique and so familiar, it’s what makes you think “Coca-Cola” whenever you hear “soft drink.” Between that perfect taste and refreshing fizz, it’s sure to give you that “ahhh” moment whenever you want it. 

Looking for something zero sugar? Then look no further than Coca-Cola Zero Sugar. Whatever you’re looking for in a soda, there’s a Coca-Cola to satisfy your taste buds.
 
Every sip, every “ahhh,” every smile—find that feeling with Coca-Cola. Best enjoyed ice-cold for maximum refreshment. Grab a Coca-Cola, take a sip and find your “ahhh” moment.

Enjoy Coca-Cola","1 bottle of Coca-Cola — the refreshing, crisp taste you know and love
Great taste since 1886
34 mg caffeine in each 355 mL serving
500 mL in each bottle
This carbonated beverage is best enjoyed ice-cold for maximum refreshment","[{""Flavour"":""Cola""},{""Singleserve"":""No""},{""Storage Type"":""Refrigerate""},{""Clearout Deal"":""No""},{""Lifestyle\/Dietary Need"":""No egg,No fish,No milk,No mustard,No sesame,No shellfish,No soy,No sulfite,No wheat,No lactose,Kosher,Vegan-friendly,Vegetarian-friendly""}]",https://i5.walmartimages.ca/images/Enlarge/162/353/6000200162353.jpg | https://i5.walmartimages.ca/images/Enlarge/162/367/6000200162367.jpg | https://i5.walmartimages.ca/images/Enlarge/750/929/6000202750929.jpg | https://i5.walmartimages.ca/images/Enlarge/750/906/6000202750906.jpg | https://i5.walmartimages.ca/images/Enlarge/750/904/6000202750904.jpg | https://i5.walmartimages.ca/images/Enlarge/162/277/6000200162277.jpg | https://i5.walmartimages.ca/images/Enlarge/992/006/6000203992006.jpg | https://i5.walmartimages.ca/images/Enlarge/630/363/6000202630363.jpg | https://i5.walmartimages.ca/images/Enlarge/192/631/6000200192631.jpg | https://i5.walmartimages.ca/images/Enlarge/162/420/6000200162420.jpg | https://i5.walmartimages.ca/images/Enlarge/162/420/6000200162420.jpg,11,Sold by Walmart,"CARBONATED WATER, SUGAR/GLUCOSE-FRUCTOSE, CARAMEL COLOUR, PHOSPHORIC ACID, NATURAL FLAVOUR, CAFFEINE.","No egg,No fish,No milk,No mustard,No sesame,No shellfish,No soy,No sulfite,No wheat,No lactose,Kosher,Vegan-friendly,Vegetarian-friendly",Add to Cart; Find in Store,0,,,
Walmart Canada,Drinks,Soft Drinks/Sodas,walmart.ca,https://www.walmart.ca/en/ip/snapple-mango-madness-real-fruit-beverage/6000199255112,,473ml,Walmart.ca > Household Supplies & Pantry > Drinks > Soft Drinks > Other Soft Drinks,Snapple,Snapple Mango Madness Real Fruit Beverage,SKU:6000199255113,UPC:7618300438,ID:6000199255112,Walmart Item #:31650441,$1.97,,,,$0.42/100ML,"We're ready to juice up your day with the most popular fruit in the world (that's mango FYI). Sweet, fruity, and delicious, there's no reason to be mad at that.",,"[{""Flavour"":""Other""},{""Singleserve"":""Yes""},{""Storage Type"":""Shelf""},{""Clearout Deal"":""No""},{""Lifestyle\/Dietary Need"":""No egg,No fish,No milk,No mustard,No sesame,No shellfish,No soy,No sulfite,No wheat,No lactose,Vegan-friendly,Vegetarian-friendly""}]",https://i5.walmartimages.ca/images/Enlarge/744/015/6000199744015.jpg,1,Sold by Walmart,"WATER (FILTERED), SUGAR, CONCENTRATED KIWI JUICE, CITRIC ACID, MANGO PUREE, NATURAL FLAVOUR, VEGETABLE JUICE AND BETA CAROTENE (FOR COLOUR).","No egg,No fish,No milk,No mustard,No sesame,No shellfish,No soy,No sulfite,No wheat,No lactose,Vegan-friendly,Vegetarian-friendly",Add to Cart; Find in Store,0,,,
Walmart Canada,Drinks,Soft Drinks/Sodas,walmart.ca,https://www.walmart.ca/en/ip/coca-cola-zero-sugar-500ml-bottle/6000196223958,,500 mL Bottle,Walmart.ca > Grocery > Drinks > Soft Drinks > Cola,Coca-Cola,Coca-Cola Zero Sugar 500mL Bottle,SKU:6000196223959,UPC:6700000463,ID:6000196223958,Walmart Item #:31096955,$1.98,,,,$0.4/100ML,"Soda. Pop. Soft drink. Sparkling beverage. Carbonated drink.

Whatever you call it, nothing compares to the refreshing, crisp taste of Coca-Cola Zero Sugar. Enjoy with friends, on the go or with a meal. Whatever the occasion, wherever you are, Coca-Cola Zero Sugar makes life’s special moments a little bit better.

The great taste of Coca-Cola has stood the test of time. And Coca-Cola Zero Sugar brings you a Coca-Cola taste with zero sugar and zero calories. Between the delicious taste and refreshing fizz, it’s sure to give you that “ahhh” moment whenever you want it.
 
Every sip, every “ahhh,” every smile—find that feeling with Coca-Cola Zero Sugar. Best enjoyed ice-cold for maximum refreshment. Grab a Coca-Cola Zero Sugar, take a sip and find your “ahhh” moment.

Whatever you’re looking for in a soda, there’s a Coca-Cola to satisfy your taste buds.

Enjoy Coca-Cola Zero Sugar.","Great Coca-Cola taste, zero sugar
Refreshing, crisp taste pairs perfectly with a meal or with friends
34 mg of caffeine in each 355 mL serving
500 mL in each bottle
This carbonated beverage is best enjoyed ice-cold for maximum refreshment.","[{""Flavour"":""Cola""},{""Singleserve"":""No""},{""Storage Type"":""Refrigerate""},{""Clearout Deal"":""No""},{""Lifestyle\/Dietary Need"":""No egg,No fish,No milk,No mustard,No sesame,No shellfish,No soy,No sulfite,No wheat,No lactose,Kosher,No added sugars,Vegan-friendly,Vegetarian-friendly""}]",https://i5.walmartimages.ca/images/Enlarge/162/262/6000200162262.jpg | https://i5.walmartimages.ca/images/Enlarge/162/349/6000200162349.jpg | https://i5.walmartimages.ca/images/Enlarge/750/927/6000202750927.jpg | https://i5.walmartimages.ca/images/Enlarge/750/900/6000202750900.jpg | https://i5.walmartimages.ca/images/Enlarge/750/915/6000202750915.jpg | https://i5.walmartimages.ca/images/Enlarge/162/335/6000200162335.jpg | https://i5.walmartimages.ca/images/Enlarge/630/327/6000202630327.jpg | https://i5.walmartimages.ca/images/Enlarge/162/289/6000200162289.jpg,8,Sold by Walmart,"CARBONATED WATER, CARAMEL COLOUR, PHOSPHORIC ACID, ASPARTAME (CONTAINS PHENYLALANINE), POTASSIUM BENZOATE, NATURAL FLAVOUR, POTASSIUM CITRATE, ACESULFAME-POTASSIUM, CAFFEINE.","No egg,No fish,No milk,No mustard,No sesame,No shellfish,No soy,No sulfite,No wheat,No lactose,Kosher,No added sugars,Vegan-friendly,Vegetarian-friendly",Add to Cart; Find in Store,0,,,
Walmart Canada,Drinks,Soft Drinks/Sodas,walmart.ca,https://www.walmart.ca/en/ip/coca-cola-origins-quebec-maple-4x355ml/6000202970840,,4 X 355mL,Walmart.ca > Household Supplies & Pantry > Drinks > Soft Drinks > Cola,Coca-Cola,"Coca-Cola Origins, Quebec Maple 4x355mL",SKU:6000202970841,UPC:6700011429,ID:6000202970840,Walmart Item #:31257542,$5.97,,,,$0.42/100ML,"Soda. Pop. Soft drink. Sparkling beverage.

Whatever you call it, nothing compares to the refreshing, crisp taste of Coca-Cola. A little flavour can make a lot of magic happen, and Coca-Cola Québec Maple is here to make your taste buds happy. Enjoy with friends, on the go or with a meal. Whatever the occasion, Coca-Cola makes life’s special moments a little bit better.

Coca-Cola Québec Maple was inspired by the soda shops that first added flavours to Dr. Pemberton’s classic Coca-Cola recipe. Each 355mL glass bottle brings the homegrown flavour of Québec’s famous maple syrup to the world, blending the familiar taste of Coca-Cola with a delicious maple taste.

Or if you want classic refreshment in a glass bottle, Coca-Cola is also available, as are the delicious specialty flavours Coca-Cola de Mexico and Coca-Cola British Columbia Raspberry.

Whatever you’re looking for, there’s a Coca-Cola to satisfy your taste buds.  Between that perfect taste and refreshing fizz, a Coca-Cola is sure to give you that “ahhh” moment whenever you want it. 
  
Enjoy Coca-Cola Québec Maple.","Delicious combination of Coca-Cola and maple flavour
Refreshing, crisp taste pairs perfectly with a meal or with friends
34 mg of caffeine in each 355 mL serving
355 mL in each glass bottle
This sparkling beverage is best enjoyed ice-cold for maximum refreshment","[{""Flavour"":""Other""},{""Storage Type"":""Refrigerate""},{""Clearout Deal"":""No""},{""Lifestyle\/Dietary Need"":""No egg,No fish,No milk,No mustard,No sesame,No shellfish,No soy,No sulfite,No wheat,No lactose,Vegan-friendly,Vegetarian-friendly""}]",https://i5.walmartimages.ca/images/Enlarge/257/202/6000203257202.jpg | https://i5.walmartimages.ca/images/Enlarge/257/165/6000203257165.jpg | https://i5.walmartimages.ca/images/Enlarge/257/191/6000203257191.jpg | https://i5.walmartimages.ca/images/Enlarge/257/190/6000203257190.jpg | https://i5.walmartimages.ca/images/Enlarge/257/187/6000203257187.jpg | https://i5.walmartimages.ca/images/Enlarge/257/218/6000203257218.jpg,6,Sold by Walmart,"CARBONATED WATER, CANE SUGAR, CARAMEL COLOUR, PHOSPHORIC ACID, NATURAL FLAVOUR, CAFFEINE.","No egg,No fish,No milk,No mustard,No sesame,No shellfish,No soy,No sulfite,No wheat,No lactose,Vegan-friendly,Vegetarian-friendly",Add to Cart; Find in Store,2,1,,
Walmart Canada,Drinks,Soft Drinks/Sodas,walmart.ca,https://www.walmart.ca/en/ip/coca-cola-origins-british-columbia-raspberry-4x355ml/6000202970756,,4 X 355mL,Walmart.ca > Household Supplies & Pantry > Drinks > Soft Drinks > Cola,Coca-Cola,"Coca-Cola Origins, British Columbia Raspberry 4x355mL",SKU:6000202970757,UPC:6700011371,ID:6000202970756,Walmart Item #:31257445,$5.97,,,,$0.42/100ML,"Soda. Pop. Soft drink. Sparkling beverage.

Whatever you call it, nothing compares to the refreshing, crisp taste of Coca-Cola. A little flavour can make a lot of magic happen, and Coca-Cola British Columbia Raspberry is here to make your taste buds happy. Enjoy with friends, on the go or with a meal. Whatever the occasion, Coca-Cola makes life’s special moments a little bit better. 
 
Coca-Cola British Columbia Raspberry was inspired by the soda shops that first added flavours to Dr. Pemberton’s classic Coca-Cola recipe. Each 355mL glass bottle brings the homegrown flavour of British Columbia’s famous raspberries to the world, blending the familiar taste of Coca-Cola with a delicious raspberry taste.
 
Looking for something with zero sugar? Then look no further than Coca-Cola Zero Sugar. Or if you want classic refreshment in a glass bottle, Coca-Cola is also available, as are the delicious specialty flavours Coca-Cola de Mexico and Coca-Cola Quebec Maple.

Whatever you’re looking for, there’s a Coca-Cola to satisfy your taste buds. Between that perfect taste and refreshing fizz, a Coca-Cola is sure to give you that “ahhh” moment whenever you want it. 
  
Enjoy Coca-Cola British Columbia Raspberry.","Delicious combination of Coca-Cola and raspberry flavour
Refreshing, crisp taste pairs perfectly with a meal or with friends
34 mg of caffeine in each 355 mL serving
355 mL in each glass bottle
This sparkling beverage is best enjoyed ice-cold for maximum refreshment","[{""Flavour"":""Other""},{""Storage Type"":""Refrigerate""},{""Clearout Deal"":""No""},{""Lifestyle\/Dietary Need"":""No egg,No fish,No milk,No mustard,No sesame,No shellfish,No soy,No sulfite,No wheat,No lactose,Kosher,Vegan-friendly,Vegetarian-friendly""}]",https://i5.walmartimages.ca/images/Enlarge/257/197/6000203257197.jpg | https://i5.walmartimages.ca/images/Enlarge/257/219/6000203257219.jpg | https://i5.walmartimages.ca/images/Enlarge/257/173/6000203257173.jpg | https://i5.walmartimages.ca/images/Enlarge/257/212/6000203257212.jpg | https://i5.walmartimages.ca/images/Enlarge/257/186/6000203257186.jpg | https://i5.walmartimages.ca/images/Enlarge/257/169/6000203257169.jpg,6,Sold by Walmart,"CARBONATED WATER, CANE SUGAR, CARAMEL COLOUR, NATURAL FLAVOUR, PHOSPHORIC ACID, CAFFEINE.","No egg,No fish,No milk,No mustard,No sesame,No shellfish,No soy,No sulfite,No wheat,No lactose,Kosher,Vegan-friendly,Vegetarian-friendly",Add to Cart; Find in Store,0,,,
Walmart Canada,Drinks,Soft Drinks/Sodas,walmart.ca,https://www.walmart.ca/en/ip/lotte-milkis-milk-yogurt-flavoured-drink/6000197095353,,1.5 L,Walmart.ca > Household Supplies & Pantry > Drinks > Soft Drinks > Other Soft Drinks,Lotte,Lotte Milkis Milk & Yogurt Flavoured Drink,SKU:6000197095354,UPC:880105620101,ID:6000197095353,Walmart Item #:30798440,$2.97,,,,$0.2/100ML,Lotte Milkis Carbonated Drink is a popular soft drink in South Korea. It is a carbonated drink with milk added to create a creamy and fizzy taste. Best served after chilled.,"• Soda for children and youth
• Refreshing milk & yogurt flavor carbonated drink","[{""Singleserve"":""No""},{""Storage Type"":""Shelf""},{""International Foods"":""Korean""},{""Clearout Deal"":""No""},{""Lifestyle\/Dietary Need"":""No egg,No fish,No mustard,No sesame,No shellfish,No sulfite,No wheat,Vegetarian-friendly""}]",https://i5.walmartimages.ca/images/Enlarge/201/012/8801056201012.jpg,1,Sold by Walmart,"WATER, HIGH FRUCTOSE CORN SYRUP, SUGAR, CARBON DIOXIDE, SKIM MILK POWDER, CITRIC ACID, ARTIFICIAL YOGURT FLAVOUR, SOYBEAN POLYSACCHARIDES, PHOSPHORIC ACID CONTAINS: MILK, SOYBEAN","No egg,No fish,No mustard,No sesame,No shellfish,No sulfite,No wheat,Vegetarian-friendly",Add to Cart; Find in Store,5,2,,
Walmart Canada,Drinks,Coffee,walmart.ca,https://www.walmart.ca/en/ip/nescaf-rich-instant-coffee-475-g/6000145830534,,475 GR,Walmart.ca > Household Supplies & Pantry > Drinks > Coffee > Instant Coffee,NESCAFÉ,NESCAFÉ® Rich Instant Coffee 475 g,SKU:10298469,UPC:5500013215,ID:6000145830534,Walmart Item #:9210277,$12.97,,,,$2.73/100GR,NESCAFÉ® Rich Instant Coffee (475 g) makes a deliciously rich tasting coffee from 100% natural coffee beans. A perfect way to kick-start the day.,"• 475 g tin of Instant coffee
• Made from 100% natural coffee beans
• Free of additives or preservatives
• Has been waking up Canadians for over 75 years
• Makes over 260 servings","[{""Flavour"":""Other""},{""Special Size Format"":""Large Format""},{""Product Type"":""Other""},{""Decaffeinated"":""No""},{""Singleserve"":""No""},{""Storage Type"":""Shelf""},{""Clearout Deal"":""No""},{""Lifestyle\/Dietary Need"":""No egg,No fish,No milk,No mustard,No sesame,No shellfish,No soy,No sulfite,No wheat,No lactose,No artificials,Kosher,No added sugars,Paleo-friendly,Vegan-friendly,Vegetarian-friendly,Whole30-friendly""}]",https://i5.walmartimages.ca/images/Enlarge/132/152/999999-55000132152.jpg | https://i5.walmartimages.ca/images/Enlarge/215/2_1/999999-55000132152_1.jpg | https://i5.walmartimages.ca/images/Enlarge/215/2_2/999999-55000132152_2.jpg | https://i5.walmartimages.ca/images/Enlarge/094/441/6000197094441.jpg | https://i5.walmartimages.ca/images/Enlarge/094/442/6000197094442.jpg,5,Sold by Walmart,INSTANT COFFEE,"No egg,No fish,No milk,No mustard,No sesame,No shellfish,No soy,No sulfite,No wheat,No lactose,No artificials,Kosher,No added sugars,Paleo-friendly,Vegan-friendly,Vegetarian-friendly,Whole30-friendly",Add to Cart; Find in Store,4.5,43,,
Walmart Canada,Drinks,Soft Drinks/Sodas,walmart.ca,https://www.walmart.ca/en/ip/sprite-500ml-bottle/6000196223982,,500 mL,Walmart.ca > Grocery > Drinks > Soft Drinks > Other Soft Drinks,Sprite,Sprite 500mL Bottle,SKU:6000196223983,UPC:6700000465,ID:6000196223982,Walmart Item #:31097263,$1.98,,,,$0.4/100ML,"Life is an adventure. Who needs a map when the challenge of figuring it all out is half the fun? In those moments when everything becomes clearer, you’ll know you were on the right path all along. Whether you’re thirsty for more, or questioning everything, Sprite is on your side. 

It’s the lemon-lime flavoured soft drink that’s perfectly crisp, and always clear. Sprite is the zero caffeine soda that ignites your senses to keep you on your toes with its cool, satisfying, and refreshing citrus taste. It’s a crisp fizz that doesn’t compromise, and refreshes on its own terms. When it comes to lemon-lime flavoured drinks, choose the one and only Sprite.
   
Sprite never fails to deliver exactly what it promises, every single time. It’s the crisp and delicious, lemon-lime refreshment that always hits like the truth. After 50 years Sprite isn’t a trendsetter; it’s a classic, and always will be. So when you’re ready to drop the filters and get real with your soft drink choice, grab a Sprite.","The OG Sprite, lemon-lime flavoured soda for bold personalities
Made with 100% natural flavours united in the iconic lemon-lime taste
Caffeine-free sparkling beverage
Crisp, cool, mouthwatering citrus taste
500 mL per bottle","[{""Flavour"":""Citrus""},{""Singleserve"":""No""},{""Storage Type"":""Refrigerate""},{""Clearout Deal"":""No""},{""Lifestyle\/Dietary Need"":""No egg,No fish,No milk,No mustard,No sesame,No shellfish,No soy,No sulfite,No wheat,No lactose,No artificials,Kosher,Vegan-friendly,Vegetarian-friendly""}]",https://i5.walmartimages.ca/images/Enlarge/162/397/6000200162397.jpg | https://i5.walmartimages.ca/images/Enlarge/162/426/6000200162426.jpg | https://i5.walmartimages.ca/images/Enlarge/493/685/6000202493685.jpg | https://i5.walmartimages.ca/images/Enlarge/493/682/6000202493682.jpg | https://i5.walmartimages.ca/images/Enlarge/493/687/6000202493687.jpg | https://i5.walmartimages.ca/images/Enlarge/630/304/6000202630304.jpg | https://i5.walmartimages.ca/images/Enlarge/192/717/6000200192717.jpg,7,Sold by Walmart,"CARBONATED WATER, SUGAR/GLUCOSE-FRUCTOSE, CITRIC ACID, SODIUM CITRATE, NATURAL FLAVOUR, SODIUM BENZOATE.","No egg,No fish,No milk,No mustard,No sesame,No shellfish,No soy,No sulfite,No wheat,No lactose,No artificials,Kosher,Vegan-friendly,Vegetarian-friendly",Add to Cart; Find in Store,0,,,
Walmart Canada,Drinks,Soft Drinks/Sodas,walmart.ca,https://www.walmart.ca/en/ip/guarana-antarctica/6000197592757,,sell quantity 12x350ml,Walmart.ca > Grocery > Drinks > Soft Drinks > Other Soft Drinks,Ferma,Guarana Antarctica,SKU:6000197592758,UPC:789199101390,ID:6000197592757,Walmart Item #:31454628,$1.27,,,,$0.36/100ML,Guarana Antarctica is a typically Brazilian soft drink with a unique flavor.,"Made from a fruit from the Amazon Rainforest
Product from Brazil
Gluten-free","[{""Singleserve"":""No""},{""Storage Type"":""Shelf""},{""International Foods"":""Brazilian""},{""Clearout Deal"":""No""},{""Lifestyle\/Dietary Need"":""""}]",https://i5.walmartimages.ca/images/Enlarge/508/407/6000202508407.jpg | https://i5.walmartimages.ca/images/Enlarge/508/408/6000202508408.jpg | https://i5.walmartimages.ca/images/Enlarge/508/454/6000202508454.jpg,3,Sold by Walmart,"Carbonated water, sugar, citric acid, natural flavor preservatives ( sodium Benzoate, potassium sobate, gurana extract, caramel color",,Add to Cart; Find in Store,0,,,1
Walmart Canada,Drinks,Soft Drinks/Sodas,walmart.ca,https://www.walmart.ca/en/ip/diet-coke-500ml-bottle/6000196223998,,500 mL,Walmart.ca > Grocery > Drinks > Soft Drinks > Diet Cola,Diet Coke,Diet Coke 500mL Bottle,SKU:6000196223999,UPC:6700000464,ID:6000196223998,Walmart Item #:31097491,$1.98,,,,$0.4/100ML,"Crisp, cold, and reliable, this is the one and only Diet Coke —your everyday wing (wo)man, your deliciously fizzy go-to companion. This is the kind of sugar-free soda that you want throughout your day. Whether you’re looking for a tasty way start to your day, or to refresh your afternoon. You'll never be lost with a Diet Coke.
 
Diet Coke always hits the spot especially during afternoon breaks from work or mid-day get-togethers with friends in the backyard. In fact, it’s basically a friend itself. Because it’s the best kind of familiar, and something you never have to second guess. You trust it, and it’s always there for you whenever you want it. 
   
Diet Coke also comes in a caffeine free option. And if you’re looking to excite your taste buds even more, there’s a host of different flavours to satisfy. Really, it’s just the diet cola you know you can turn to, no matter what you’re looking for. 
 
So when you want a diet soda, think Diet Coke. Because Diet Coke is an original, just like you. Oh yeah, and it’s incredibly refreshing. Always.","Diet Coke is a delicious, crisp, sparkling diet cola that’s fizzing delicious
No Calories, sugar-free
Diet Coke, Because I Can
64 mg of caffeine per 500 mL serving
500 mL per bottle of diet soda","[{""Flavour"":""Cola""},{""Singleserve"":""No""},{""Storage Type"":""Refrigerate""},{""Clearout Deal"":""No""},{""Lifestyle\/Dietary Need"":""No egg,No fish,No milk,No mustard,No sesame,No shellfish,No soy,No sulfite,No wheat,No lactose,Kosher,No added sugars,Vegan-friendly,Vegetarian-friendly""}]",https://i5.walmartimages.ca/images/Enlarge/162/296/6000200162296.jpg | https://i5.walmartimages.ca/images/Enlarge/162/359/6000200162359.jpg | https://i5.walmartimages.ca/images/Enlarge/976/815/6000202976815.jpg | https://i5.walmartimages.ca/images/Enlarge/976/813/6000202976813.jpg | https://i5.walmartimages.ca/images/Enlarge/976/798/6000202976798.jpg | https://i5.walmartimages.ca/images/Enlarge/162/269/6000200162269.jpg | https://i5.walmartimages.ca/images/Enlarge/991/985/6000203991985.jpg | https://i5.walmartimages.ca/images/Enlarge/991/984/6000203991984.jpg | https://i5.walmartimages.ca/images/Enlarge/192/693/6000200192693.jpg | https://i5.walmartimages.ca/images/Enlarge/162/237/6000200162237.jpg | https://i5.walmartimages.ca/images/Enlarge/162/237/6000200162237.jpg,11,Sold by Walmart,"CARBONATED WATER, CARAMEL COLOUR, PHOSPHORIC AND CITRIC ACID, ASPARTAME (CONTAINS PHENYLALANINE), FLAVOUR, SODIUM BENZOATE, CAFFEINE,  ACESULFAME-POTASSIUM.","No egg,No fish,No milk,No mustard,No sesame,No shellfish,No soy,No sulfite,No wheat,No lactose,Kosher,No added sugars,Vegan-friendly,Vegetarian-friendly",Add to Cart; Find in Store,0,,,
Walmart Canada,Drinks,Soft Drinks/Sodas,walmart.ca,https://www.walmart.ca/en/ip/tim-hortons-iced-capp-vanilla-bottle-340-ml/6000199479922,,340 mL,Walmart.ca > Household Supplies & Pantry > Drinks > Soft Drinks > Other Soft Drinks,Tim Hortons,"Tim Hortons Iced Capp Vanilla Bottle, 340 mL",SKU:6000199479923,UPC:6320911452,ID:6000199479922,Walmart Item #:30789445,$2.69,,,,$0.79/100ML,"Tim Hortons Vanilla Iced Capp is a rich, creamy, and indulgent iced coffee beverage made with real Tim Hortons coffee, real milk and cream, cane sugar, and natural flavours.",,"[{""Flavour"":""Other""},{""Storage Type"":""Refrigerate""},{""Clearout Deal"":""No""},{""Lifestyle\/Dietary Need"":""No egg,No fish,No mustard,No sesame,No shellfish,No soy,No sulfite,No wheat,No artificials,Vegetarian-friendly""}]",https://i5.walmartimages.ca/images/Enlarge/300/649/6000203300649.jpg | https://i5.walmartimages.ca/images/Enlarge/300/650/6000203300650.jpg | https://i5.walmartimages.ca/images/Enlarge/300/656/6000203300656.jpg | https://i5.walmartimages.ca/images/Enlarge/300/651/6000203300651.jpg,4,Sold by Walmart,"SKIM MILK, TIM HORTONS COFFEE (WATER, COFFEE EXTRACT), CANE SUGAR, CREAM, NATURAL FLAVOUR, POTASSIUM PHOSPHATE DIBASIC, CARRAGEENAN, XANTHAN GUM. CONTAINS MILK.","No egg,No fish,No mustard,No sesame,No shellfish,No soy,No sulfite,No wheat,No artificials,Vegetarian-friendly",Add to Cart; Find in Store,0,,,
Walmart Canada,Drinks,Soft Drinks/Sodas,walmart.ca,https://www.walmart.ca/en/ip/grace-famous-island-soda-ginger-beer/6000188761155,,2 L,Walmart.ca > Household Supplies & Pantry > Drinks > Soft Drinks > Other Soft Drinks,Grace,Grace Famous Island Soda Ginger Beer,SKU:6000188761156,UPC:5527085201,ID:6000188761155,Walmart Item #:9231718,$1.97,,,,$0.1/100ML,"Grace Gingerbeer 2L - Grace Famous Island Soda! The bottle is new, the label is unique, but with the same taste you always enjoyed. Grace Soda has evolved to become the new Grace Famous Island Soda. Our roots are in the islands, our flavours are inspired by its people and now, with two new flavours and a unique twist, literally under the cap.",,"[{""Singleserve"":""No""},{""International Foods"":""Caribbean""},{""Clearout Deal"":""No""},{""Lifestyle\/Dietary Need"":""No egg,No fish,No milk,No mustard,No sesame,No shellfish,No soy,No sulfite,No wheat,No lactose,Vegan-friendly,Vegetarian-friendly""}]",https://i5.walmartimages.ca/images/Enlarge/852/019/999999-55270852019.jpg,1,Sold by Walmart,"CARBONATED WATER, SUGAR / GLUCOSE-FRUCTOSE, GINGER EXTRACT, NATURAL AND ARTIFICIAL FLAVOUR, CITRIC ACID, SODIUM BENZOATE, COLOUR.","No egg,No fish,No milk,No mustard,No sesame,No shellfish,No soy,No sulfite,No wheat,No lactose,Vegan-friendly,Vegetarian-friendly",Add to Cart; Find in Store,4,5,,
Walmart Canada,Drinks,Soft Drinks/Sodas,walmart.ca,https://www.walmart.ca/en/ip/carl-jung-chardonnay-de-alcoholized-wine/6000197835763,,750 mL,Walmart.ca > Household Supplies & Pantry > Drinks > Soft Drinks > Other Soft Drinks,Carl Jung,Carl Jung Chardonnay De-Alcoholized Wine,SKU:6000197835764,UPC:7992601841,ID:6000197835763,Walmart Item #:30137299,$7.97,,,,$1.06/100ML,"Carl Jung Chardonnay, with only 19 Kcal / 100 ml, is very low in calories and with less than 0.5% volume of alcohol ideal for those who would like to enjoy a glass of wine, but who do not want or need alcohol.",,"[{""Flavour"":""None""},{""Singleserve"":""No""},{""Storage Type"":""Shelf""},{""Clearout Deal"":""No""},{""Lifestyle\/Dietary Need"":""No egg,No fish,No milk,No mustard,No sesame,No shellfish,No soy,No wheat,No lactose,No artificials,Vegan-friendly,Vegetarian-friendly""}]",https://i5.walmartimages.ca/images/Enlarge/018/413/999999-79926018413.jpg | https://i5.walmartimages.ca/images/Enlarge/13_/nft/79926018413_NFT.jpg | https://i5.walmartimages.ca/images/Enlarge/13_/nft/79926018413_NFT.jpg,3,Sold by Walmart,"De-alcoholized wine, Sugar, Carbon dioxide, Sulphites","No egg,No fish,No milk,No mustard,No sesame,No shellfish,No soy,No wheat,No lactose,No artificials,Vegan-friendly,Vegetarian-friendly",Add to Cart; Find in Store,1,2,,
Walmart Canada,Frozen,Pizzas,walmart.ca,https://www.walmart.ca/en/ip/delissio-singles-3-cheese-pizzas-2-x-180-g/6000200999540,,360 GR,Walmart.ca > Grocery > Frozen Food > Frozen Pizza,Delissio,Delissio Singles 3-Cheese Pizzas 2 x 180 g,SKU:6000200999541,UPC:7192100415,ID:6000200999540,Walmart Item #:30228642,$4.97,,,,$1.38/100GR,"There'll be no fighting over the last slice with these personal-sized pizzas! Delissio Singles 3-Cheese Pizzas (2 x 180 g) are a 2-pack of individual-sized pizzas, delivering big flavour in a smaller pizza. Each pizza is topped with all the cheeses you crave on a pizza - part skim pizza mozzarella, cheddar, and parmesan - over a traditional golden crust. It may be small but it sure packs a mighty flavour punch. Plus it's proudly prepared with high quality ingredients right here in Canada. It's not delivery, it's Delissio!","• 2 individual-sized pizzas, featuring a traditional crispy crust topped with 3 mouth-watering cheeses - part skim pizza mozzarella, cheddar, and parmesan
• Proudly prepared in Canada with high quality ingredients
• Small but mighty, these individual pizzas are the perfect meal for one
• This 2-pack includes 2 irresistible small pizzas
• It's not delivery, it's Delissio!","[{""Product Type"":""Cheese""},{""Storage Type"":""Frozen""},{""Clearout Deal"":""No""},{""Lifestyle\/Dietary Need"":""""}]",https://i5.walmartimages.ca/images/Enlarge/058/547/6000201058547.jpg | https://i5.walmartimages.ca/images/Enlarge/058/548/6000201058548.jpg | https://i5.walmartimages.ca/images/Enlarge/058/550/6000201058550.jpg | https://i5.walmartimages.ca/images/Enlarge/058/551/6000201058551.jpg | https://i5.walmartimages.ca/images/Enlarge/925/871/6000203925871.jpg | https://i5.walmartimages.ca/images/Enlarge/058/552/6000201058552.jpg | https://i5.walmartimages.ca/images/Enlarge/058/552/6000201058552.jpg,7,Sold by Walmart,"Crust (Wheat Flour, Water, Canola Oil, Toasted Wheat Crumb, Modified Palm Oil, Yeast, Sugar, Salt, Flavour, Carotene), Sauce (Water, Tomato Paste, Canola Oil, Salt, Dried Garlic, Sugar, Herb, Spices), Part Skim Pizza Mozzarella, Cheddar, And Parmesan Cheeses (Milk Ingredients, Bacterial Culture, Salt, Calcium Chloride, Annatto, Lipase, Microbial Enzyme, Cellulose).",,Add to Cart; Find in Store,4.3,82,,
Walmart Canada,Drinks,Coffee,walmart.ca,https://www.walmart.ca/en/ip/maxwell-house-rich-dark-roast-ground-coffee/6000153706504,,925g,Walmart.ca > Household Supplies & Pantry > Drinks > Coffee > Ground Coffee,Maxwell House,Maxwell House Rich Dark Roast Ground Coffee,SKU:10304107,UPC:6618805095,ID:6000153706504,Walmart Item #:9262476,$6.97,,,,$0.75/100GR,"925 Gram Tin of Roast and Ground Coffee. 100% Pure Ground Coffee. Maxwell House coffee is good to the last drop. Available in one grind, for all coffee makers. Tin is recyclable where facilities exist.","•100% Pure Ground Coffee
•Good to the last drop
•Available in one grind, for all coffee makers
•Container recyclable where facilities exist
•Perfectly roasted for a smooth, balanced taste","[{""Flavour"":""Other""},{""Product Type"":""Ground""},{""Decaffeinated"":""No""},{""Singleserve"":""No""},{""Storage Type"":""Shelf""},{""Clearout Deal"":""No""},{""Lifestyle\/Dietary Need"":""No egg,No fish,No milk,No mustard,No sesame,No shellfish,No soy,No sulfite,No wheat,No lactose,No artificials,Kosher,No added sugars,Paleo-friendly,Vegan-friendly,Vegetarian-friendly,Whole30-friendly""}]",https://i5.walmartimages.ca/images/Enlarge/050/954/999999-00066188050954.jpg | https://i5.walmartimages.ca/images/Enlarge/631/825/6000201631825.jpg | https://i5.walmartimages.ca/images/Enlarge/631/821/6000201631821.jpg | https://i5.walmartimages.ca/images/Enlarge/631/826/6000201631826.jpg | https://i5.walmartimages.ca/images/Enlarge/451/766/6000202451766.jpg,5,Sold by Walmart,100% PURE GROUND COFFEE,"No egg,No fish,No milk,No mustard,No sesame,No shellfish,No soy,No sulfite,No wheat,No lactose,No artificials,Kosher,No added sugars,Paleo-friendly,Vegan-friendly,Vegetarian-friendly,Whole30-friendly",Add to Cart; Find in Store,4.2,104,,5
Walmart Canada,Drinks,Coffee,walmart.ca,https://www.walmart.ca/en/ip/lavazza-rossa-ground-espresso-coffee/6000146303781,,250 g,Walmart.ca > Household Supplies & Pantry > Drinks > Coffee > Ground Coffee,Lavazza,Lavazza Rossa Ground Espresso Coffee,SKU:10299374,UPC:4195303615,ID:6000146303781,Walmart Item #:9297923,$4.27,,,,$1.71/100GR,"\u003Cp>Over a century of history in coffee, passionate dedication to absolute quality and creative discipline at the forefront of innovation. Authentic Italian.\u003C/p>","\u003Cp>A blend of the highest quality Arabica and Robusta beans, this coffee offers a perfect balance of exceptional flavor, body and aroma. INGREDIENTS: Arabica and robusta\u003C/p>\u003Cp>Assembled product dimensions: L 3.00 inches x W 2.00 inches x H 5.50 inches x W 250.00 grams\u003C/p>","[{""Product Type"":""Espresso""},{""Decaffeinated"":""No""},{""Singleserve"":""No""},{""Clearout Deal"":""No""},{""Lifestyle\/Dietary Need"":""No egg,No fish,No milk,No mustard,No sesame,No shellfish,No soy,No sulfite,No wheat,No lactose,No artificials,No added sugars,Paleo-friendly,Vegan-friendly,Vegetarian-friendly,Whole30-friendly""}]",https://i5.walmartimages.ca/images/Enlarge/_64/802/64802.jpg | https://i5.walmartimages.ca/images/Enlarge/483/601/6000202483601.jpg | https://i5.walmartimages.ca/images/Enlarge/483/600/6000202483600.jpg,3,Sold by Walmart,ROASTED GROUND COFFEE,"No egg,No fish,No milk,No mustard,No sesame,No shellfish,No soy,No sulfite,No wheat,No lactose,No artificials,No added sugars,Paleo-friendly,Vegan-friendly,Vegetarian-friendly,Whole30-friendly",Add to Cart; Find in Store,4.9,15,,1
Walmart Canada,Frozen,Pizzas,walmart.ca,https://www.walmart.ca/en/ip/dr-oetker-giuseppe-pizzeria-rising-crust-canadian/6000198536753,,740 g,Walmart.ca > Grocery > Frozen Food > Frozen Pizza,Dr.Oetker,Dr. Oetker Giuseppe Pizzeria Rising Crust Canadian,SKU:6000198536754,UPC:5833625061,ID:6000198536753,Walmart Item #:30539453,$5.97,,,,$597/100GR,"Bring this classic variety home to the table! Giuseppe Rising Crust Canadian is topped with pepperoni, bacon, mushrooms, Canadian cheddar and Italian Sausage.",,"[{""Product Type"":""Canadian""},{""Storage Type"":""Frozen""},{""Clearout Deal"":""No""},{""Lifestyle\/Dietary Need"":""No egg,No fish,No sesame,No shellfish""}]",https://i5.walmartimages.ca/images/Enlarge/063/397/6000200063397.jpg,1,Sold by Walmart,"CRUST:  ENRICHED WHEAT FLOUR, WATER, YEAST,  MODIFIED PALM OIL, WHEAT GLUTEN, SUGAR, SALT, MONOCALCIUM PHOSPHATE, BARLEY MALT EXTRACT,  BAKING SODA, ACETYLATED TARTARIC ACID ESTERS OF MONO AND DICLYCERIDES, DICALCIUM PHOSPHATE, GUAR GUM, HYDROGENATED CANOLA OIL, CANOLA OIL, CALCIUM CITRATE, ASCORBIC ACID, PENTOSANASE, AMYLASE TOPPINGS: PEPPERONI (PORK, SALT, SPICES, DEXTROSE, WATER, ONION POWDER, SPICE EXTRACTS, GARLIC POWDER, ASCORBIC ACID, SODIUM NITRITE, BACTERIAL CULTURE, SODIUM ASCORBATE, SMOKE), ITALIAN SAUSAGE (PORK, SPICES, WATER, SALT, SUGAR, SPICE EXTRACT, NATURAL FLAVOUR), MUSHROOMS (SULPHITES), BACON (PORK, WATER, SALT, CANE SUGAR, CULTURED CELERY EXTRACT*, FLAVOURING, SMOKE) SAUCE: TOMATO PUREE, WATER, SUGAR, SOYA OIL, CORN STARCH, SALT, SPICES, GARLIC POWDER, ONION POWDER, HERBS CHEESE: MOZZARELLA AND CANADIAN CHEDDAR CHEESE (MILK, BACTERIAL CULTURES, SALT, MICROBIAL ENZYMES, CALCIUM CHLORIDE, COLOUR) CONTAINS: WHEAT, BARLEY, MILK, SULPHITES *CONTAINS NATURALLY OCCURRING NITRITES","No egg,No fish,No sesame,No shellfish",Add to Cart; Find in Store,0,,,
Walmart Canada,Frozen,Pizzas,walmart.ca,https://www.walmart.ca/en/ip/great-value-sausage-bacon-flatbread/6000201870530,,355 g,Walmart.ca > Grocery > Frozen Food > Frozen Pizza,Great Value,Great Value Sausage & Bacon Flatbread,SKU:6000201870531,UPC:62773501475,ID:6000201870530,Walmart Item #:30639903,$3.27,,,,$0.92/100GR,"Great Value Flatbread. • Cook thoroughly
• Sausage and bacon
• Topped with italian sausage, bacon, mozzarella and asiago cheese
• Cook time: 14 Times
• Free from artificial flavours and colours
• Made in Canada from domestic and imported ingredients","• Cook thoroughly
• Sausage and bacon
• Topped with italian sausage, bacon, mozzarella and asiago cheese
• Cook time: 14 Times
• Free from artificial flavours and colours
• Made in Canada from domestic and imported ingredients","[{""Product Type"":""Meat""},{""Storage Type"":""Frozen""},{""Walmart Exclusive"":""Yes""},{""Clearout Deal"":""No""},{""Lifestyle\/Dietary Need"":""No artificials""}]",https://i5.walmartimages.ca/images/Enlarge/014/753/627735014753.jpg | https://i5.walmartimages.ca/images/Enlarge/475/3_1/627735014753_1.jpg,2,Sold by Walmart,Flatbread,No artificials,Add to Cart; Find in Store,4,2,,
Walmart Canada,Frozen,Pizzas,walmart.ca,https://www.walmart.ca/en/ip/great-value-italian-deli-style-thin-crust-pizza/6000197491271,,336 g,Walmart.ca > Grocery > Frozen Food > Frozen Pizza,Great Value,Great Value Italian Deli-Style Thin Crust Pizza,SKU:6000197491272,UPC:62891556188,ID:6000197491271,Walmart Item #:31434370,$3.27,,,,$327/100GR,"Tasty and convenient, Great Value Thin Crust Pizza with your favourite Italian Deli-Style Toppings is a wonderful option for a quick and easy pizza night any day of the week. Stock your freezer with this delicious deal featuring a combination of mozzarella cheese, capicollo ham & pepperoni on a thin crust for a savoury meal!","•Made from part skim mozzarella cheese, capicollo, ham and pepperoni
•Free from artificial flavours and colours","[{""Product Type"":""Meat""},{""Storage Type"":""Frozen""},{""Walmart Exclusive"":""Yes""},{""Clearout Deal"":""No""},{""Lifestyle\/Dietary Need"":""""}]",https://i5.walmartimages.ca/images/Enlarge/951/670/6000197951670.jpg,1,Sold by Walmart,.,,Add to Cart; Find in Store,5,1,,
Walmart Canada,Drinks,Coffee,walmart.ca,https://www.walmart.ca/en/ip/nescaf-sweet-and-creamy-french-vanilla-instant-coffee-mix-18-pack-18-x-19-g/6000202651456,,18 x 19 G,Walmart.ca > Household Supplies & Pantry > Drinks > Coffee > Instant Coffee,NESCAFÉ,NESCAFÉ Sweet and Creamy French Vanilla Instant Coffee Mix 18-Pack (18 x 19 g),SKU:6000202651457,UPC:5500071060,ID:6000202651456,Walmart Item #:31138749,$5.97,,,,$597/100GR,"NESCAFÉ Sweet & Creamy French Vanilla Instant Coffee Mix (18 x 19 g) is a range of all-in-one coffees made in an instant, using our convenient single serve packets. Each NESCAFÉ Sweet & Creamy packet includes all the coffee, creamer, and sugar you need to create a delicious French vanilla flavoured cup that you can have at home or when you're on the go. Crafted using medium-dark roasted coffee beans, each cup has a smooth and creamy coffee taste, with rich coffee aroma. NESCAFÉ Sweet & Creamy is simple to prepare, all you need to add is hot water. Also available in Original, Caramel, and Mocha flavours.","• Convenient All-In-One Solution: Sweet and Creamy is in a simple format that is quick and easy to make
• Incorporate Into Any Routine: Perfect pick me up at any point of the day, for at home or while on the go
• Consistent Taste: There is no guesswork in making a cup of Sweet and Creamy, resulting in the same French vanilla flavour from cup to cup
• Committed to being Grown Respectfully: All coffee beans are responsibly sourced, and a part of sustainable farming practices
• Created by Coffee Experts: Nescafé is an expert in coffee innovations, and have used their knowledge to create a product that doesn't require sugar, coffee-creamer or coffee whitener","[{""Product Type"":""Instant""},{""Decaffeinated"":""No""},{""Singleserve"":""Yes""},{""Storage Type"":""Shelf""},{""Clearout Deal"":""No""},{""Lifestyle\/Dietary Need"":""""}]",https://i5.walmartimages.ca/images/Enlarge/661/792/6000202661792.jpg | https://i5.walmartimages.ca/images/Enlarge/661/778/6000202661778.jpg | https://i5.walmartimages.ca/images/Enlarge/661/800/6000202661800.jpg | https://i5.walmartimages.ca/images/Enlarge/661/780/6000202661780.jpg | https://i5.walmartimages.ca/images/Enlarge/230/647/6000203230647.jpg | https://i5.walmartimages.ca/images/Enlarge/926/264/6000203926264.jpg | https://i5.walmartimages.ca/images/Enlarge/926/273/6000203926273.jpg | https://i5.walmartimages.ca/images/Enlarge/926/270/6000203926270.jpg | https://i5.walmartimages.ca/images/Enlarge/230/648/6000203230648.jpg | https://i5.walmartimages.ca/images/Enlarge/230/648/6000203230648.jpg,10,Sold by Walmart,"Sugars (Sugar, Glucose Syrup), Instant Coffee, Hydrogenated Palm Kernel Oil, Modified Milk Ingredients, Salt, Dipotassium Phosphate, Calcium Carbonate, Sodium Citrate, Graham'S Salt, Mono- And Diglycerides, Datem, Sodium Triphosphate, Natural And Artificial Flavour.",,Add to Cart; Find in Store,3.5,72,,
Walmart Canada,Frozen,Pizzas,walmart.ca,https://www.walmart.ca/en/ip/great-value-potato-bacon-caramelized-onion-flatbread/6000201870527,,365 g,Walmart.ca > Grocery > Frozen Food > Frozen Pizza,Great Value,"Great Value Potato, Bacon & Caramelized Onion Flatbread",SKU:6000201870528,UPC:62773501474,ID:6000201870527,Walmart Item #:30639853,$3.27,,,,$0.9/100GR,"Great Value Flatbread. Cook thoroughly. Potato, bacon and caramelized onion. Topped with a creamy sauce, potatoes, bacon, caramelized onions and mozarella cheese. Cook time: 14 Times. Free from artificial flavours and colours. Made in Canada from domestic and imported ingredients.","• Cook thoroughly
• Potato, bacon and caramelized onion
• Topped with a creamy sauce, potatoes, bacon, caramelized onions and mozarella cheese
• Cook time: 14 Times
• Free from artificial flavours and colours
• Made in Canada from domestic and imported ingredients","[{""Product Type"":""Meat""},{""Storage Type"":""Frozen""},{""Walmart Exclusive"":""Yes""},{""Clearout Deal"":""No""},{""Lifestyle\/Dietary Need"":""""}]",https://i5.walmartimages.ca/images/Enlarge/014/746/627735014746.jpg | https://i5.walmartimages.ca/images/Enlarge/474/6_1/627735014746_1.jpg,2,Sold by Walmart,Flatbread,,Add to Cart; Find in Store,2.8,4,,
Walmart Canada,Frozen,Pizzas,walmart.ca,https://www.walmart.ca/en/ip/dr-oetker-giuseppe-pizzeria-thin-crust-5-cheese/6000197559113,,439 g,Walmart.ca > Grocery > Frozen Food > Frozen Pizza,Dr.Oetker,Dr. Oetker Giuseppe Pizzeria Thin Crust 5 Cheese,SKU:6000197559114,UPC:5833635070,ID:6000197559113,Walmart Item #:30790684,$5.97,,,,$1.36/100GR,"Bring home the taste and smell of your favourite Pizzeria, bring home Giuseppe!

Get ready for a cheesy blend of Mozzarella, Provolone, Cheddar, Romano and Provolone on a delicious thin crust.",,"[{""Product Type"":""Cheese""},{""Storage Type"":""Frozen""},{""Clearout Deal"":""No""},{""Lifestyle\/Dietary Need"":""No egg,No fish,No sesame,No shellfish,No sulfite,No artificials""}]",https://i5.walmartimages.ca/images/Enlarge/057/125/6000198057125.jpg,1,Sold by Walmart,"CRUST: ENRICHED WHEAT FLOUR, WATER, WHEAT GLUTEN, SOYA AND/OR CANOLA OIL, YEAST, VEGETABLE OIL SHORTENING (PALM, SOYA, COTTONSEED AND CANOLA OIL), SUGAR, BAKING POWDER, SOY LECITHIN, SALT, NATURAL FLAVOUR CHEESES: MOZZARELLA, PROVOLONE, CHEDDAR, ROMANO AND PARMESAN CHEESE (MILK INGREDIENTS, MODIFIED MILK INGREDIENTS, SALT, BACTERIAL CULTURE, CELLULOSE, CALCIUM CHLORIDE, MICROBIAL ENZYME, SORBIC ACID, LIPASE), CORN STARCH SAUCE: WATER, TOMATO PUREE, TOMATO PASTE, SUGAR, SALT, CORN STARCH, SPICES (MUSTARD) AND HERBS, GARLIC POWDER, ONION POWDER CONTAINS: WHEAT, MILK, SOY, MUSTARD","No egg,No fish,No sesame,No shellfish,No sulfite,No artificials",Add to Cart; Find in Store,0,,,
Walmart Canada,Drinks,Coffee,walmart.ca,https://www.walmart.ca/en/ip/van-houtte-original-house-blend-recyclable-k-cup-coffee-pods-24-count-for-keurig-coffee-makers/6000202651580,,24-count,Walmart.ca > Household Supplies & Pantry > Drinks > Coffee > Coffee Pods,Van Houtte,"Van Houtte Original House Blend Recyclable K-Cup Coffee Pods, 24 Count For Keurig Coffee Makers",SKU:6000202651581,UPC:6215159717,ID:6000202651580,Walmart Item #:31138823,$14.97,,,,,"A well-balanced, after-roast blend combining the lively quality of light roast coffee and the rich, woodsy notes of dark roast coffee.","- Proudly roasted in Canada since 1919 
- 100% arabica beans, slowly roasted in single batches 
- We work with time-honoured European crafting methods 
- Van Houtte® K-Cup® pods are recyclable 
- Compatible with all Keurig® K-Cup® coffee makers
- Partner of Choice.
- 100% Responsibly Sourced Coffee","[{""Product Type"":""Medium Roast""},{""Decaffeinated"":""No""},{""Storage Type"":""Shelf""},{""Clearout Deal"":""No""},{""Lifestyle\/Dietary Need"":""No egg,No fish,No milk,No mustard,No sesame,No shellfish,No soy,No sulfite,No wheat,No lactose,No artificials,Kosher,No added sugars,Paleo-friendly,Vegan-friendly,Vegetarian-friendly,Whole30-friendly""}]",https://i5.walmartimages.ca/images/Enlarge/933/226/6000202933226.jpg | https://i5.walmartimages.ca/images/Enlarge/933/273/6000202933273.jpg | https://i5.walmartimages.ca/images/Enlarge/933/277/6000202933277.jpg | https://i5.walmartimages.ca/images/Enlarge/933/279/6000202933279.jpg,4,Sold by Walmart,Arabica coffee.,"No egg,No fish,No milk,No mustard,No sesame,No shellfish,No soy,No sulfite,No wheat,No lactose,No artificials,Kosher,No added sugars,Paleo-friendly,Vegan-friendly,Vegetarian-friendly,Whole30-friendly",Add to Cart; Find in Store,4.5,60,,
Walmart Canada,Drinks,Coffee,walmart.ca,https://www.walmart.ca/en/ip/mccaf-premium-roast-decaf-recyclable-k-cup-pods-dark-roast-30-count-for-keurig-single-serve-brewer/6000202651565,,30 count,Walmart.ca > Household Supplies & Pantry > Drinks > Coffee > Coffee Pods,McCafe,"McCafé® Premium Roast Decaf Recyclable K-Cup® Pods, dark roast, 30 Count for Keurig® Single-Serve Brewer",SKU:6000202651566,UPC:66344760852,ID:6000202651565,Walmart Item #:31138814,$19.97,,,,,"McCafé® Premium Roast Decaffeinated Coffee in K-Cup® pods are made with 100% ethically sourced Arabica beans from Rainforest Alliance Certified™ farms. We’re supporting farmers so their communities, and the rainforests around them, can prosper for generations to come.","- Made with 100% ethically sourced Arabica beans
- Rainforest Alliance Certified™
- Traditionally fire-roasted for a rich, delicious full-bodied flavour
- Unique Swiss Water™ process naturally removes caffeine while preserving our signature taste
- McCafé® K-Cup® pods are recyclable
- Compatible with all Keurig® K-Cup® coffee makers","[{""Product Type"":""Dark Roast""},{""Decaffeinated"":""Yes""},{""Storage Type"":""Shelf""},{""Clearout Deal"":""No""},{""Lifestyle\/Dietary Need"":""No egg,No fish,No milk,No mustard,No sesame,No shellfish,No soy,No sulfite,No wheat,No lactose,No artificials,Kosher,No added sugars,Paleo-friendly,Vegan-friendly,Vegetarian-friendly,Whole30-friendly""}]",https://i5.walmartimages.ca/images/Enlarge/897/280/6000202897280.jpg | https://i5.walmartimages.ca/images/Enlarge/897/292/6000202897292.jpg | https://i5.walmartimages.ca/images/Enlarge/897/295/6000202897295.jpg,3,Sold by Walmart,Decaffeinated arabica coffee.,"No egg,No fish,No milk,No mustard,No sesame,No shellfish,No soy,No sulfite,No wheat,No lactose,No artificials,Kosher,No added sugars,Paleo-friendly,Vegan-friendly,Vegetarian-friendly,Whole30-friendly",Add to Cart; Find in Store,0,,,
Walmart Canada,Drinks,Coffee,walmart.ca,https://www.walmart.ca/en/ip/mccaf-premium-roast-decaf-ground-coffee-340g/6000200922300,,340g,Walmart.ca > Household Supplies & Pantry > Drinks > Coffee > Ground Coffee,McCafe,"McCafé® Premium Roast Decaf Ground Coffee, 340g",SKU:6000200922301,UPC:66344760822,ID:6000200922300,Walmart Item #:30312359,$7.97,,,,$2.34/100GR,"McCafé® Premium Roast Decaffinated Ground Coffee is made with 100% ethically sourced Arabica beans from Rainforest Alliance Certified™ farms. We’re supporting farmers so their communities, and the rainforests around them, can prosper for generations to come.","- Made with 100% ethically sourced Arabica beans
- Rainforest Alliance Certified™
- Traditionally fire-roasted for a rich, delicious full-bodied flavour
- Unique Swiss Water™ process naturally removes caffeine while preserving our signature taste","[{""Product Type"":""Ground""},{""Decaffeinated"":""Yes""},{""Storage Type"":""Shelf""},{""Clearout Deal"":""No""},{""Lifestyle\/Dietary Need"":""No egg,No fish,No milk,No mustard,No sesame,No shellfish,No soy,No sulfite,No wheat,No lactose,No artificials,Kosher,No added sugars,Paleo-friendly,Vegan-friendly,Vegetarian-friendly,Whole30-friendly""}]",https://i5.walmartimages.ca/images/Enlarge/095/612/6000201095612.jpg | https://i5.walmartimages.ca/images/Enlarge/095/615/6000201095615.jpg,2,Sold by Walmart,Decaffeinated arabica coffee.,"No egg,No fish,No milk,No mustard,No sesame,No shellfish,No soy,No sulfite,No wheat,No lactose,No artificials,Kosher,No added sugars,Paleo-friendly,Vegan-friendly,Vegetarian-friendly,Whole30-friendly",Add to Cart; Find in Store,5,2,,
Walmart Canada,Drinks,Coffee,walmart.ca,https://www.walmart.ca/en/ip/nescaf-sweet-and-creamy-original-instant-coffee-mix-18-pack-18-x-19-g/6000202651453,,18 x 19 G,Walmart.ca > Household Supplies & Pantry > Drinks > Coffee > Instant Coffee,NESCAFÉ,NESCAFÉ Sweet and Creamy Original Instant Coffee Mix 18-Pack (18 x 19 g),SKU:6000202651454,UPC:5500071061,ID:6000202651453,Walmart Item #:31138746,$5.97,,,,$597/100GR,"NESCAFÉ Sweet & Creamy Original Instant Coffee Mix (18 x 19 g) is a range of all-in-one coffees made in an instant, using our convenient single serve packets. Each NESCAFÉ Sweet & Creamy packet includes all the coffee, creamer, and sugar you need to create a delicious cup that you can have at home or when you're on the go. Crafted using medium-dark roasted coffee beans, each cup has a smooth and creamy coffee taste, with rich coffee aroma. NESCAFÉ Sweet & Creamy is simple to prepare, all you need to add is hot water. Also available in French Vanilla, Mocha and Caramel flavours.","• Convenient All-In-One Solution: Sweet and Creamy is in a simple format that is quick and easy to make
• Incorporate Into Any Routine: Perfect pick me up at any point of the day, for at home or while on the go
• Consistent Taste: There is no guesswork in making a cup of Sweet and Creamy, resulting in the same taste from cup to cup
• Committed to being Grown Respectfully: All coffee beans are responsibly sourced, and a part of sustainable farming practices
• Created by Coffee Experts: Nescafé is an expert in coffee innovations, and have used their knowledge to create a product that doesn't require sugar, coffee-creamer or coffee whitener","[{""Product Type"":""Instant""},{""Decaffeinated"":""No""},{""Singleserve"":""Yes""},{""Storage Type"":""Shelf""},{""Clearout Deal"":""No""},{""Lifestyle\/Dietary Need"":""""}]",https://i5.walmartimages.ca/images/Enlarge/661/775/6000202661775.jpg | https://i5.walmartimages.ca/images/Enlarge/661/794/6000202661794.jpg | https://i5.walmartimages.ca/images/Enlarge/661/782/6000202661782.jpg | https://i5.walmartimages.ca/images/Enlarge/661/786/6000202661786.jpg | https://i5.walmartimages.ca/images/Enlarge/230/646/6000203230646.jpg | https://i5.walmartimages.ca/images/Enlarge/926/265/6000203926265.jpg | https://i5.walmartimages.ca/images/Enlarge/926/263/6000203926263.jpg | https://i5.walmartimages.ca/images/Enlarge/926/268/6000203926268.jpg | https://i5.walmartimages.ca/images/Enlarge/230/649/6000203230649.jpg | https://i5.walmartimages.ca/images/Enlarge/230/649/6000203230649.jpg,10,Sold by Walmart,"Sugars (Sugar, Glucose Syrup), Hydrogenated Palm Kernel Oil, Instant Coffee, Modified Milk Ingredients, Salt, Dipotassium Phosphate, Calcium Carbonate, Sodium Citrate, Graham'S Salt, Mono- And Diglycerides, Datem, Sodium Triphosphate, Natural And Artificial Flavour.",,Add to Cart; Find in Store,3,77,,
Walmart Canada,Drinks,Coffee,walmart.ca,https://www.walmart.ca/en/ip/van-houtte-vanilla-hazelnut-recyclable-k-cup-coffee-pods-light-roast-24-count-for-keurig-coffee-makers/6000202651595,,24 K Cup Pods,Walmart.ca > Household Supplies & Pantry > Drinks > Coffee > Coffee Pods,Van Houtte,"Van Houtte Vanilla Hazelnut Recyclable K-Cup Coffee Pods, Light Roast, 24 Count For Keurig Coffee Makers",SKU:6000202651596,UPC:6215139717,ID:6000202651595,Walmart Item #:31138833,$14.97,,,,,"At Van Houtte, we know how to liven up your day because our passion for coffee runs as deep as your own. We are committed to 100% responsibly sourced coffee beans that we roast to perfection with a mastery that we've been refining for more than 100 years. Our coffee is grown to create a positive, lasting impact for farmers and the environment, so it can be enjoyed for generations.
A light roast coffee combining the sweet flavour of vanilla with the taste of toasted hazelnuts.","- Proudly roasted in Canada since 1919 
- 100% arabica beans, slowly roasted in single batches 
- We work with time-honoured European crafting methods 
- Van Houtte® K-Cup® pods are recyclable 
- Compatible with all Keurig® K-Cup® coffee makers
- Partner of Choice.
- 100% Responsibly Sourced Coffee","[{""Product Type"":""Flavoured""},{""Decaffeinated"":""No""},{""Storage Type"":""Shelf""},{""Clearout Deal"":""No""},{""Lifestyle\/Dietary Need"":""No egg,No fish,No milk,No mustard,No sesame,No shellfish,No soy,No sulfite,No wheat,No lactose,Kosher,No added sugars,Vegan-friendly,Vegetarian-friendly""}]",https://i5.walmartimages.ca/images/Enlarge/933/511/6000202933511.jpg | https://i5.walmartimages.ca/images/Enlarge/933/515/6000202933515.jpg | https://i5.walmartimages.ca/images/Enlarge/933/517/6000202933517.jpg | https://i5.walmartimages.ca/images/Enlarge/933/519/6000202933519.jpg,4,Sold by Walmart,"Arabica coffee, Artificial flavour.","No egg,No fish,No milk,No mustard,No sesame,No shellfish,No soy,No sulfite,No wheat,No lactose,Kosher,No added sugars,Vegan-friendly,Vegetarian-friendly",Add to Cart; Find in Store,4.7,70,,
Walmart Canada,Drinks,Coffee,walmart.ca,https://www.walmart.ca/en/ip/nescaf-gold-medium-roast-roast-ground-coffee-capsules-30-x-9-g/6000197843620,,30 x 9 G,Walmart.ca > Household Supplies & Pantry > Drinks > Coffee > Coffee Pods,NESCAFÉ,"NESCAFÉ GOLD® Medium Roast, Roast & Ground Coffee Capsules 30 x 9 g",SKU:6000197843621,UPC:5500037901,ID:6000197843620,Walmart Item #:30324946,$19.47,,,,$1947/100GR,"Sip upon a flavourful, high-quality cup that takes only moments to brew. NESCAFÉ GOLD® Medium Roast, Roast & Ground Coffee Capsules (30 x 9 g) create a deliciously well-balanced coffee, made with quality Arabica beans for a perfect cup, every time. To help develop the best coffee possible, we start from the source by educating our farmers on sustainable farming practices, supporting new agricultural approaches, and buying our beans directly from our farmers – no middleman. This results in high quality beans, a delicious cup of coffee, and supports a more sustainable environment. *KEURIG® and K-CUP® are registered trade marks of KEURIG GREEN MOUNTAIN, INC. NESTLÉ® is not affiliated with KEURIG GREEN MOUNTAIN, INC.","• Well-balanced coffee made instantly with each capsule
• Compatible with KEURIG® K-CUP® and 2.0 brewing system*
• Made with high-quality Arabica beans
• We educate our farmers in sustainable farming practices, as we're committed to improving their lives as part of the NESCAFÉ® Plan
• We buy our coffee straight from our farmers – no middleman","[{""Product Type"":""Pods""},{""Decaffeinated"":""No""},{""Singleserve"":""No""},{""Storage Type"":""Shelf""},{""Clearout Deal"":""No""},{""Lifestyle\/Dietary Need"":""No egg,No fish,No milk,No mustard,No sesame,No shellfish,No soy,No sulfite,No wheat,No lactose,No artificials,No added sugars,Paleo-friendly,Vegan-friendly,Vegetarian-friendly,Whole30-friendly""}]",https://i5.walmartimages.ca/images/Enlarge/197/393/6000199197393.jpg | https://i5.walmartimages.ca/images/Enlarge/197/397/6000199197397.jpg | https://i5.walmartimages.ca/images/Enlarge/197/398/6000199197398.jpg | https://i5.walmartimages.ca/images/Enlarge/197/399/6000199197399.jpg | https://i5.walmartimages.ca/images/Enlarge/197/428/6000199197428.jpg | https://i5.walmartimages.ca/images/Enlarge/197/448/6000199197448.jpg | https://i5.walmartimages.ca/images/Enlarge/291/263/6000200291263.jpg,7,Sold by Walmart,"ROAST AND GROUND COFFEE, INSTANT COFFEE.","No egg,No fish,No milk,No mustard,No sesame,No shellfish,No soy,No sulfite,No wheat,No lactose,No artificials,No added sugars,Paleo-friendly,Vegan-friendly,Vegetarian-friendly,Whole30-friendly",Add to Cart; Find in Store,4.6,29,,
Walmart Canada,Drinks,Coffee,walmart.ca,https://www.walmart.ca/en/ip/kicking-horse-coffee-kicking-horse-coffee-smart-ass-medium-roast-whole-bean/6000196210629,,454 g - Whole Bean Coffee,Walmart.ca > Household Supplies & Pantry > Drinks > Coffee > Coffee Beans,Kicking Horse® Coffee,"Kicking Horse® Coffee Kicking Horse Coffee - Smart Ass - Medium Roast, Whole Bean",SKU:6000196210630,UPC:62907050027,ID:6000196210629,Walmart Item #:30413382,$15.77,,,,$3.47/100GR,"A half-full cup of wake up and wise up. No joke here, this is just a bright, chocolaty concoction for the smart-thinking, deep-drinking, good-at-their-game-in-the-morning crowd.","• Medium Roast, Whole Bean Coffee
• Cheeky, Bright, Precocious
• Origin: Africa, Central & South America
• Aroma: Sweet syrup, vanilla bean, stone fruit
• Tasting Notes: Tart red currant, notes of sugar cane and milk chocolate, with a honeyed berry body
• 100% Arabica Beans
• Certified Fairtrade, Organic, Kosher
• Roasted in the Canadian Rocky Mountains
• Recommended Brew Methods: French press (coarse grind), Drip machine (medium grind), Pour over (medium-fine grind), Espresso (fine grind)","[{""Product Type"":""Medium Roast""},{""Decaffeinated"":""No""},{""Singleserve"":""No""},{""Storage Type"":""Shelf""},{""Clearout Deal"":""No""},{""Lifestyle\/Dietary Need"":""Organic,Kosher,Fair Trade""}]",https://i5.walmartimages.ca/images/Enlarge/500/274/999999-629070500274.jpg,1,Sold by Walmart,"100% certified Organic, Fairtrade, shade-grown Arabica, Canadian Rocky Mountain-roasted coffee","Organic,Kosher,Fair Trade",Add to Cart; Find in Store,4.7,48,,
Walmart Canada,Drinks,Coffee,walmart.ca,https://www.walmart.ca/en/ip/tim-hortons-dark-roast-coffee/6000199409680,,"30 Servings, 315 g",Walmart.ca > Household Supplies & Pantry > Drinks > Coffee > Coffee Pods,Tim Hortons,Tim Hortons Dark Roast Coffee,SKU:6000199409681,UPC:6320911276,ID:6000199409680,Walmart Item #:30272794,$19.87,,,,$0.66/1EA,"Since 1964, we have been committed to serving a great cup of coffee. The signature flavor in every cup is created using our own unique blend of 100% Arabica beans. Enjoy the taste at home in convenient, Single Serve Coffee Cups, compatible for use in all Keurig® K-CUP® machines.","• 30 Dark Roasts
• Compatible for use with all Keurig® K-Cup® Brewers
• Tim Hortons and this product have no affiliation with Keurig® or K-Cup®","[{""Product Type"":""Dark Roast""},{""Decaffeinated"":""No""},{""Storage Type"":""Shelf""},{""Clearout Deal"":""No""},{""Lifestyle\/Dietary Need"":""No egg,No fish,No milk,No mustard,No sesame,No shellfish,No soy,No sulfite,No wheat,No lactose,No artificials,No added sugars,Paleo-friendly,Vegan-friendly,Vegetarian-friendly,Whole30-friendly""}]",https://i5.walmartimages.ca/images/Enlarge/081/282/6000201081282.jpg,1,Sold by Walmart,Arabica coffee.,"No egg,No fish,No milk,No mustard,No sesame,No shellfish,No soy,No sulfite,No wheat,No lactose,No artificials,No added sugars,Paleo-friendly,Vegan-friendly,Vegetarian-friendly,Whole30-friendly",Add to Cart; Find in Store,4.6,81,,1
Walmart Canada,Drinks,Coffee,walmart.ca,https://www.walmart.ca/en/ip/van-houtte-colombian-medium-recyclable-k-cup-pods-medium-roast-24-count-for-single-serve-brewers/6000202651589,,24-count,Walmart.ca > Household Supplies & Pantry > Drinks > Coffee > Coffee Pods,Van Houtte,"Van Houtte® Colombian medium Recyclable K-Cup® Pods, medium roast, 24-count for Single-Serve Brewers",SKU:6000202651590,UPC:6215133717,ID:6000202651589,Walmart Item #:31138828,$14.97,,,,,"A true Colombian-style coffee featuring a smooth yet lively flavour with subtle hints of fruity wine.

- Proudly roasted in Canada since 1919 
- 100% arabica beans, slowly roasted in single batches 
- We work with time-honoured European crafting methods 
- Van Houtte® K-Cup® pods are recyclable 
- Compatible with all Keurig® K-Cup® coffee makers
- Partner of Choice.
- 100% Responsibly Sourced Coffee",,"[{""Product Type"":""Medium Roast""},{""Decaffeinated"":""No""},{""Storage Type"":""Shelf""},{""Clearout Deal"":""No""},{""Lifestyle\/Dietary Need"":""No egg,No fish,No milk,No mustard,No sesame,No shellfish,No soy,No sulfite,No wheat,No lactose,No artificials,Kosher,No added sugars,Paleo-friendly,Vegan-friendly,Vegetarian-friendly,Whole30-friendly""}]",https://i5.walmartimages.ca/images/Enlarge/933/446/6000202933446.jpg | https://i5.walmartimages.ca/images/Enlarge/933/448/6000202933448.jpg | https://i5.walmartimages.ca/images/Enlarge/933/449/6000202933449.jpg | https://i5.walmartimages.ca/images/Enlarge/933/450/6000202933450.jpg,4,Sold by Walmart,Arabica coffee.,"No egg,No fish,No milk,No mustard,No sesame,No shellfish,No soy,No sulfite,No wheat,No lactose,No artificials,Kosher,No added sugars,Paleo-friendly,Vegan-friendly,Vegetarian-friendly,Whole30-friendly",Add to Cart; Find in Store,4.8,91,,
Walmart Canada,Drinks,Coffee,walmart.ca,https://www.walmart.ca/en/ip/van-houtte-amaretto-recyclable-k-cup-pods-light-roast-12-count-for-single-serve-brewers/6000202651577,,12-count,Walmart.ca > Household Supplies & Pantry > Drinks > Coffee > Coffee Pods,Van Houtte,"Van Houtte® Amaretto Recyclable K-Cup® Pods, light roast, 12-count for Single-Serve Brewers",SKU:6000202651578,UPC:6215151587,ID:6000202651577,Walmart Item #:31138822,$8.97,,,,,"The best way to kick back and relax is with a hot cup of this amaretto coffee blend, offering an unmistakable sweet almond taste. Indulge in its rich flavour and subtle fruity cherry undertones to make every one of your coffee breaks feel a little more like happy hour.","- Proudly roasted in Canada since 1919 
- 100% arabica beans, slowly roasted in single batches 
- We work with time-honoured European crafting methods 
- Van Houtte® K-Cup® pods are recyclable 
- Compatible with all Keurig® K-Cup® coffee makers
- Partner of Choice.
- 100% Responsibly Sourced Coffee","[{""Product Type"":""Flavoured""},{""Decaffeinated"":""No""},{""Storage Type"":""Shelf""},{""Clearout Deal"":""No""},{""Lifestyle\/Dietary Need"":""No egg,No fish,No milk,No mustard,No sesame,No shellfish,No soy,No sulfite,No wheat,No lactose,No added sugars,Vegan-friendly,Vegetarian-friendly""}]",https://i5.walmartimages.ca/images/Enlarge/933/118/6000202933118.jpg | https://i5.walmartimages.ca/images/Enlarge/933/129/6000202933129.jpg | https://i5.walmartimages.ca/images/Enlarge/933/132/6000202933132.jpg | https://i5.walmartimages.ca/images/Enlarge/933/136/6000202933136.jpg,4,Sold by Walmart,"Arabica coffee, Artificial flavour.","No egg,No fish,No milk,No mustard,No sesame,No shellfish,No soy,No sulfite,No wheat,No lactose,No added sugars,Vegan-friendly,Vegetarian-friendly",Add to Cart; Find in Store,4.4,11,,
Walmart Canada,Drinks,Coffee,walmart.ca,https://www.walmart.ca/en/ip/nescaf-rich-decaffeinated-instant-coffee-100-g/6000195749786,,100 GR,Walmart.ca > Household Supplies & Pantry > Drinks > Coffee > Instant Coffee,NESCAFÉ,"NESCAFÉ® Rich Decaffeinated, Instant Coffee 100 g",SKU:6000195749787,UPC:5500000120,ID:6000195749786,Walmart Item #:31249992,$5.47,,,,$5.47/100GR,"NESCAFÉ® Rich Decaffeinated Instant Coffee (100 g) makes a deliciously rich tasting coffee from 100% pure coffee beans. It’s the best coffee to help kick-start your day. Enjoy all the aromas of rich coffee, without the caffeine, just pour NESCAFÉ® Rich Decaffeinated Instant Coffee into hot water and enjoy.","• 100 g jar of instant decaffeinated coffee
• Made from 100% pure coffee beans
• Same great aroma as NESCAFÉ® Rich, but decaffeinated
• Makes over 85 servings
• Zero calories before coffee creamer, coffee whitener or sugar","[{""Product Type"":""Other""},{""Decaffeinated"":""Yes""},{""Singleserve"":""No""},{""Storage Type"":""Shelf""},{""Clearout Deal"":""No""},{""Lifestyle\/Dietary Need"":""No egg,No fish,No milk,No mustard,No sesame,No shellfish,No soy,No sulfite,No wheat,No lactose,No artificials,No added sugars,Paleo-friendly,Vegan-friendly,Vegetarian-friendly,Whole30-friendly""}]",https://i5.walmartimages.ca/images/Enlarge/001/205/999999-55000001205.jpg | https://i5.walmartimages.ca/images/Enlarge/120/5_1/999999-55000001205_1.jpg | https://i5.walmartimages.ca/images/Enlarge/120/5_2/999999-55000001205_2.jpg | https://i5.walmartimages.ca/images/Enlarge/120/5_3/999999-55000001205_3.jpg | https://i5.walmartimages.ca/images/Enlarge/120/5_3/999999-55000001205_3.jpg,5,Sold by Walmart,INSTANT COFFEE,"No egg,No fish,No milk,No mustard,No sesame,No shellfish,No soy,No sulfite,No wheat,No lactose,No artificials,No added sugars,Paleo-friendly,Vegan-friendly,Vegetarian-friendly,Whole30-friendly",Add to Cart; Find in Store,4.1,22,,
Walmart Canada,Drinks,Coffee,walmart.ca,https://www.walmart.ca/en/ip/folgers-black-silk-ground-coffee-750g/6000125992580,,750 g,Walmart.ca > Household Supplies & Pantry > Drinks > Coffee > Ground Coffee,Folgers,Folgers Black Silk Ground Coffee 750g,SKU:10274102,UPC:2550001312,ID:6000125992580,Walmart Item #:30742415,$8.97,,,,$1.2/100GR,"Start your mornings with the smooth taste and eye-opening aroma of Folgers Ground Coffees. Folgers Black Silk is a delicious full-bodied coffee with a bold, yet smooth finish. Folgers is an iconic brand that has been brewing great-tasting coffee for over 165 years. Savour the fresh aroma of a perfectly brewed cup of Folgers Coffee.","• Black Silk is a dark roast, full-bodied coffee with a bold, yet smooth finish.
• A dark roast blend with a bold yet smooth taste.
• Folgers is an iconic brand that has been brewing great-tasting coffee for over 165 years.
• Made from Pure 100% Coffee 
• Savour the fresh aroma of a perfectly brewed cup of Folgers Coffee","[{""Flavour"":""Unflavoured""},{""Product Type"":""Dark Roast""},{""Decaffeinated"":""No""},{""Singleserve"":""No""},{""Storage Type"":""Shelf""},{""Clearout Deal"":""No""},{""Lifestyle\/Dietary Need"":""""}]",https://i5.walmartimages.ca/images/Enlarge/276/122/6000199276122.jpg | https://i5.walmartimages.ca/images/Enlarge/115/9_1/1381159_1.jpg | https://i5.walmartimages.ca/images/Enlarge/609/377/6000197609377.jpg | https://i5.walmartimages.ca/images/Enlarge/609/378/6000197609378.jpg | https://i5.walmartimages.ca/images/Enlarge/595/049/6000198595049.jpg,5,Sold by Walmart,Coffee,,Add to Cart; Find in Store,4.5,490,,
Walmart Canada,Drinks,Coffee,walmart.ca,https://www.walmart.ca/en/ip/lavazza-perfetto-espresso-roast-specialty-ground-coffee/6000192174783,,340 g,Walmart.ca > Household Supplies & Pantry > Drinks > Coffee > Coffee Beans,Lavazza,Lavazza Perfetto Espresso Roast Specialty Ground Coffee,SKU:6000192174784,UPC:4195307507,ID:6000192174783,Walmart Item #:30073782,$9.97,,,,$2.93/100GR,"Made from 100% carefully selected Arabica beans, Perfetto is bold with lingering caramel notes. It is roasted a bit longer to produce a “perfect” and characteristically Italian dark flavour profile. The ideal choice for those who love the pure pleasure of espresso roasts.",• 100% Arabica,"[{""Flavour"":""Other""},{""Product Type"":""Espresso""},{""Decaffeinated"":""No""},{""Singleserve"":""No""},{""Storage Type"":""Shelf""},{""International Foods"":""Italian""},{""Clearout Deal"":""No""},{""Lifestyle\/Dietary Need"":""No egg,No fish,No milk,No mustard,No sesame,No shellfish,No soy,No sulfite,No wheat,No lactose,No artificials,No added sugars,Paleo-friendly,Vegan-friendly,Vegetarian-friendly,Whole30-friendly""}]",https://i5.walmartimages.ca/images/Enlarge/075/073/999999-041953075073.jpg | https://i5.walmartimages.ca/images/Enlarge/482/556/6000202482556.jpg | https://i5.walmartimages.ca/images/Enlarge/482/557/6000202482557.jpg,3,Sold by Walmart,GROUND COFFEE,"No egg,No fish,No milk,No mustard,No sesame,No shellfish,No soy,No sulfite,No wheat,No lactose,No artificials,No added sugars,Paleo-friendly,Vegan-friendly,Vegetarian-friendly,Whole30-friendly",Add to Cart; Find in Store,4.7,32,,
Walmart Canada,Drinks,Coffee,walmart.ca,https://www.walmart.ca/en/ip/mccaf-premium-roast-ground-coffee-340g/6000200922202,,340g,Walmart.ca > Household Supplies & Pantry > Drinks > Coffee > Ground Coffee,McCafe,"McCafé® Premium Roast Ground Coffee, 340g",SKU:6000200922203,UPC:66344760821,ID:6000200922202,Walmart Item #:30312357,$7.97,,,,$2.34/100GR,"McCafé® Premium Roast Ground Coffee is made with 100% ethically sourced Arabica beans from Rainforest Alliance Certified™ farms. We’re supporting farmers so their communities, and the rainforests around them, can prosper for generations to come.","- Made with 100% ethically sourced Arabica beans
- Rainforest Alliance Certified™
- Traditionally fire-roasted for a rich, delicious full-bodied flavour","[{""Product Type"":""Ground""},{""Decaffeinated"":""No""},{""Storage Type"":""Shelf""},{""Clearout Deal"":""No""},{""Lifestyle\/Dietary Need"":""No egg,No fish,No milk,No mustard,No sesame,No shellfish,No soy,No sulfite,No wheat,No lactose,No artificials,Kosher,No added sugars,Paleo-friendly,Vegan-friendly,Vegetarian-friendly,Whole30-friendly""}]",https://i5.walmartimages.ca/images/Enlarge/095/314/6000201095314.jpg | https://i5.walmartimages.ca/images/Enlarge/095/318/6000201095318.jpg,2,Sold by Walmart,Arabica coffee.,"No egg,No fish,No milk,No mustard,No sesame,No shellfish,No soy,No sulfite,No wheat,No lactose,No artificials,Kosher,No added sugars,Paleo-friendly,Vegan-friendly,Vegetarian-friendly,Whole30-friendly",Add to Cart; Find in Store,4.7,213,,
Walmart Canada,Drinks,Coffee,walmart.ca,https://www.walmart.ca/en/ip/tim-hortons-original-blend-fine-grind-coffee/6000194640053,,300 g,Walmart.ca > Household Supplies & Pantry > Drinks > Coffee > Ground Coffee,Tim Hortons,Tim Hortons Original Blend Fine Grind Coffee,SKU:6000194640054,UPC:6320908231,ID:6000194640053,Walmart Item #:31167231,$7.78,,,,$2.59/100GR,"Since 1964, we have been committed to serving a great cup of coffee. The signature flavour in every cup of Tim Hortons Original Blend Coffee is created using our own unique blend of 100% Arabica beans. Selected from the world's most renowned coffee growing regions, our beans are expertly blended and roasted with care to deliver that consistent Tim Hortons taste every time. Our premium blend of 100% Arabica beans delicately roasted for a nicely balanced cup of coffee.","DIRECTIONS:
• For best results, measure two (2) level tablespoons of Tim Hortons coffee for every 250 mL (8 oz) of fresh cold water
• Water and coffee maker conditions may vary
• Adjust to taste
• Once opened seal tightly and store in a cool dry place
• For optimal freshness use within 2 weeks
• For use in automatic filter coffee makers","[{""Flavour"":""Other""},{""Product Type"":""Other""},{""Decaffeinated"":""No""},{""Singleserve"":""No""},{""Storage Type"":""Shelf""},{""Clearout Deal"":""No""},{""Lifestyle\/Dietary Need"":""No egg,No fish,No milk,No mustard,No sesame,No shellfish,No soy,No sulfite,No wheat,No lactose,No artificials,No added sugars,Paleo-friendly,Vegan-friendly,Vegetarian-friendly,Whole30-friendly""}]",https://i5.walmartimages.ca/images/Enlarge/075/714/6000201075714.jpg,1,Sold by Walmart,Arabica coffee.,"No egg,No fish,No milk,No mustard,No sesame,No shellfish,No soy,No sulfite,No wheat,No lactose,No artificials,No added sugars,Paleo-friendly,Vegan-friendly,Vegetarian-friendly,Whole30-friendly",Add to Cart; Find in Store,4.6,137,,
Walmart Canada,Drinks,Coffee,walmart.ca,https://www.walmart.ca/en/ip/nescaf-rich-hazelnut-instant-coffee-100-g/6000195749789,,100 GR,Walmart.ca > Household Supplies & Pantry > Drinks > Coffee > Ground Coffee,NESCAFÉ,NESCAFÉ® Rich Hazelnut Instant Coffee 100 g,SKU:6000195749790,UPC:5500000883,ID:6000195749789,Walmart Item #:31249993,$5.47,,,,$5.47/100GR,NESCAFÉ® Rich Hazelnut Instant Coffee (100 g) offers the great taste of NESCAFÉ Rich with a sweet hazelnut finish. A great way to kick-start the day.,"• Hazelnut flavoured instant coffee
• Two flavour favourites combined full bodied NESCAFÉ Rich coffee and sweet hazelnut
• 100 g jar
• Makes over 50 cups of coffee
• 10 calories per serving","[{""Product Type"":""Flavoured""},{""Decaffeinated"":""No""},{""Singleserve"":""No""},{""Storage Type"":""Shelf""},{""Clearout Deal"":""No""},{""Lifestyle\/Dietary Need"":""No egg,No fish,No milk,No mustard,No sesame,No shellfish,No soy,No sulfite,No wheat,No lactose,No added sugars,Vegan-friendly,Vegetarian-friendly""}]",https://i5.walmartimages.ca/images/Enlarge/008/839/999999-55000008839.jpg | https://i5.walmartimages.ca/images/Enlarge/883/9_1/999999-55000008839_1.jpg | https://i5.walmartimages.ca/images/Enlarge/883/9_2/999999-55000008839_2.jpg | https://i5.walmartimages.ca/images/Enlarge/926/266/6000203926266.jpg | https://i5.walmartimages.ca/images/Enlarge/926/272/6000203926272.jpg | https://i5.walmartimages.ca/images/Enlarge/883/9_1/999999-55000008839_1.jpg | https://i5.walmartimages.ca/images/Enlarge/883/9_3/999999-55000008839_3.jpg | https://i5.walmartimages.ca/images/Enlarge/883/9_4/999999-55000008839_4.jpg,8,Sold by Walmart,"CHICORY, INSTANT COFFEE, FLAVOUR AND ARTIFICIAL FLAVOUR, ACESULFAME-POTASSIUM (6 mg / 2 g SERVING).","No egg,No fish,No milk,No mustard,No sesame,No shellfish,No soy,No sulfite,No wheat,No lactose,No added sugars,Vegan-friendly,Vegetarian-friendly",Add to Cart; Find in Store,3.6,49,,1
Walmart Canada,Drinks,Coffee,walmart.ca,https://www.walmart.ca/en/ip/folgers-hazelnut-flavoured-ground-coffee-326g/6000001846719,,326 g,Walmart.ca > Household Supplies & Pantry > Drinks > Coffee > Ground Coffee,Folgers,Folgers Hazelnut Flavoured Ground Coffee 326g,SKU:205594,UPC:2550006765,ID:6000001846719,Walmart Item #:30624747,$4.97,,,,$1.52/100GR,"Folgers Hazelnut Coffee is velvety-smooth with rich, nutty highlights. This blend is a simple indulgence, perfect any time of day.","• Velvety-smooth flavour that is perfect for any time of day. 
• Light Roast coffee with rich, nutty highlights. 
• Folgers is an iconic brand that has been brewing great-tasting coffee for over 165 years. 
• Made from Pure 100% Coffee. 
• Savour the fresh aroma of a perfectly brewed cup of Folgers Coffee.","[{""Flavour"":""Hazelnut""},{""Product Type"":""Light Roast""},{""Decaffeinated"":""No""},{""Singleserve"":""No""},{""Storage Type"":""Shelf""},{""Lifestyle\/Dietary Need"":""""}]",https://i5.walmartimages.ca/images/Enlarge/676/510/999999-2550000676510.jpg | https://i5.walmartimages.ca/images/Enlarge/595/480/6000198595480.jpg | https://i5.walmartimages.ca/images/Enlarge/595/497/6000198595497.jpg | https://i5.walmartimages.ca/images/Enlarge/595/516/6000198595516.jpg | https://i5.walmartimages.ca/images/Enlarge/595/534/6000198595534.jpg | https://i5.walmartimages.ca/images/Enlarge/595/558/6000198595558.jpg | https://i5.walmartimages.ca/images/Enlarge/595/573/6000198595573.jpg,7,Sold by Walmart,Coffee,,Add to Cart; Find in Store,4.7,492,,
Walmart Canada,Drinks,Coffee,walmart.ca,https://www.walmart.ca/en/ip/keurig-timothys-breakfast-blend-coffee-light-roast-recyclable-k-cup-pods/6000188345963,,Box of 30 K-Cup® pods,Walmart.ca > Household Supplies & Pantry > Drinks > Coffee > Coffee Pods,Timothy’s,Keurig® Timothy's® Breakfast Blend Coffee Light Roast Recyclable K-Cup® PODS,SKU:6000188345964,UPC:84211519730,ID:6000188345963,Walmart Item #:30746321,$14.97,,,,$0.5/1EA,"Sweet and aromatic Arabica coffee beans are blended and lightly roasted, creating a complex, yet smooth flavour. Shop for Breakfast Blend Coffee K-cup® by Timothy's® here!",,"[{""Product Type"":""Light Roast""},{""Decaffeinated"":""No""},{""Singleserve"":""No""},{""Franchise"":""Timothy's""},{""Storage Type"":""Shelf""},{""Clearout Deal"":""No""},{""Lifestyle\/Dietary Need"":""No egg,No fish,No milk,No mustard,No sesame,No shellfish,No soy,No sulfite,No wheat,No lactose,No artificials,No added sugars,Paleo-friendly,Vegan-friendly,Vegetarian-friendly,Whole30-friendly""}]",https://i5.walmartimages.ca/images/Enlarge/003/268/6000200003268.jpg | https://i5.walmartimages.ca/images/Enlarge/465/369/6000198465369.jpg | https://i5.walmartimages.ca/images/Enlarge/465/370/6000198465370.jpg | https://i5.walmartimages.ca/images/Enlarge/279/129/6000200279129.jpg | https://i5.walmartimages.ca/images/Enlarge/279/069/6000200279069.jpg,5,Sold by Walmart,Coffee,"No egg,No fish,No milk,No mustard,No sesame,No shellfish,No soy,No sulfite,No wheat,No lactose,No artificials,No added sugars,Paleo-friendly,Vegan-friendly,Vegetarian-friendly,Whole30-friendly",Add to Cart; Find in Store,4.7,36,,
Walmart Canada,Drinks,Coffee,walmart.ca,https://www.walmart.ca/en/ip/tim-hortons-premium-instant-coffee-medium/6000199401491,,100g,Walmart.ca > Household Supplies & Pantry > Drinks > Coffee > Instant Coffee,Tim Hortons,Tim Hortons Premium Instant Coffee Medium,SKU:6000199401492,UPC:6320911791,ID:6000199401491,Walmart Item #:30133427,$6.44,,,,$6.44/100GR,"Tim Hortons 100% Colombian Instant Coffee is a medium roast that delivers a well-balanced, crisp flavour and a smooth finish. Tim Hortons Premium Instant Coffee is made with 100% Arabica beans grown in the rich volcanic soils of Colombia.",Directions: Stir in about one teaspoon of instant coffee for every 175ml (6oz) of boiling water.,"[{""Product Type"":""Instant""},{""Decaffeinated"":""No""},{""Storage Type"":""Shelf""},{""Clearout Deal"":""No""},{""Lifestyle\/Dietary Need"":""No egg,No fish,No milk,No mustard,No sesame,No shellfish,No soy,No sulfite,No wheat,No lactose,No artificials,No added sugars,Paleo-friendly,Vegan-friendly,Vegetarian-friendly,Whole30-friendly""}]",https://i5.walmartimages.ca/images/Enlarge/600/114/6000199600114.jpg,1,Sold by Walmart,100% ARABICA COFFEE.,"No egg,No fish,No milk,No mustard,No sesame,No shellfish,No soy,No sulfite,No wheat,No lactose,No artificials,No added sugars,Paleo-friendly,Vegan-friendly,Vegetarian-friendly,Whole30-friendly",Add to Cart; Find in Store,3.2,9,,
Walmart Canada,Drinks,Coffee,walmart.ca,https://www.walmart.ca/en/ip/starbucks-true-north-blend-blonde-roast-ground-coffee-k-cup-pods-24-ct-box/6000196674388,,24 EA,Walmart.ca > Household Supplies & Pantry > Drinks > Coffee > Coffee Pods,Starbucks,STARBUCKS® True North Blend® Blonde® Roast Ground Coffee K-Cup® Pods 24 ct Box,SKU:6000196674389,UPC:76211120468,ID:6000196674388,Walmart Item #:30521828,$22.47,,,,$0.94/1EA,"Forty years of coffee-roasting expertise inspired our master roasters to perfect Starbucks® Blonde roast – a lighter, gentler take on the Starbucks® Roast. Roasting this blend of specially chosen Latin American beans for a shorter time allows the delicate nuances of soft cocoa and lightly toasted nuts to blossom. Flavorful without being overly bold, this coffee brews a delightfully gracious cup that’s perfect for welcoming friends or greeting a new day. True North Blend™ is wonderful paired with chocolate chip cookies or pecan rolls. Designed for use with the Keurig® Single Cup Brewing System to provide a premium brewed coffee experience in less than a minute – without the mess.","• 100% Arabica Coffee
• Mellow & Soft
• Growing Region of Latin America
• Blonde Roast","[{""Product Type"":""Light Roast""},{""Decaffeinated"":""No""},{""Singleserve"":""Yes""},{""Storage Type"":""Shelf""},{""Clearout Deal"":""No""},{""Lifestyle\/Dietary Need"":""No egg,No fish,No milk,No mustard,No sesame,No shellfish,No soy,No sulfite,No wheat,No lactose,No artificials,No added sugars,Paleo-friendly,Vegan-friendly,Vegetarian-friendly,Whole30-friendly""}]",https://i5.walmartimages.ca/images/Enlarge/820/014/6000198820014.jpg | https://i5.walmartimages.ca/images/Enlarge/820/209/6000198820209.jpg | https://i5.walmartimages.ca/images/Enlarge/820/242/6000198820242.jpg | https://i5.walmartimages.ca/images/Enlarge/820/243/6000198820243.jpg | https://i5.walmartimages.ca/images/Enlarge/820/249/6000198820249.jpg | https://i5.walmartimages.ca/images/Enlarge/928/610/6000203928610.jpg | https://i5.walmartimages.ca/images/Enlarge/928/609/6000203928609.jpg | https://i5.walmartimages.ca/images/Enlarge/820/135/6000198820135.jpg,8,Sold by Walmart,100% arabica coffee.,"No egg,No fish,No milk,No mustard,No sesame,No shellfish,No soy,No sulfite,No wheat,No lactose,No artificials,No added sugars,Paleo-friendly,Vegan-friendly,Vegetarian-friendly,Whole30-friendly",Add to Cart; Find in Store,4.4,2468,,
Walmart Canada,Drinks,Coffee,walmart.ca,https://www.walmart.ca/en/ip/maxwell-house-original-roast-coffee-100-compostable-pods-30-pods/6000201701301,,285g,Walmart.ca > Household Supplies & Pantry > Drinks > Coffee > Coffee Pods,Maxwell House,"Maxwell House Original Roast Coffee 100% Compostable Pods, 30 Pods",SKU:6000201701302,UPC:6618800549,ID:6000201701301,Walmart Item #:30872672,$14.97,$12.97,,$Rollback,$4.55/100GR,"Maxwell House Original Roast Coffee has a consistent signature taste that is good to the last drop. Made with 100% pure Arabica coffee beans, our medium roast is great served black or with cream and sugar. Our pods are 100% compostable with a recyclable box. Maxwell House's signature taste is created through a process that isn't done the easy way, but the right way, for 125 years.","•285g of 30ct Maxwell House Original Roast Coffee 100% Compostable Pods
•Made with 100% Arabica beans
•Classic Medium Roast coffee
•100% compostable pods, bag and our box is recyclable
•Good to the last drop","[{""Product Type"":""Pods""},{""Decaffeinated"":""No""},{""Singleserve"":""Yes""},{""Storage Type"":""Shelf""},{""Clearout Deal"":""No""},{""Lifestyle\/Dietary Need"":""No egg,No fish,No milk,No mustard,No sesame,No shellfish,No soy,No sulfite,No wheat,No lactose,No artificials,Kosher,No added sugars,Paleo-friendly,Vegan-friendly,Vegetarian-friendly,Whole30-friendly""}]",https://i5.walmartimages.ca/images/Enlarge/820/878/6000201820878.jpg | https://i5.walmartimages.ca/images/Enlarge/820/858/6000201820858.jpg | https://i5.walmartimages.ca/images/Enlarge/820/887/6000201820887.jpg | https://i5.walmartimages.ca/images/Enlarge/910/718/6000201910718.jpg | https://i5.walmartimages.ca/images/Enlarge/910/719/6000201910719.jpg | https://i5.walmartimages.ca/images/Enlarge/910/720/6000201910720.jpg | https://i5.walmartimages.ca/images/Enlarge/915/321/6000201915321.jpg | https://i5.walmartimages.ca/images/Enlarge/915/320/6000201915320.jpg | https://i5.walmartimages.ca/images/Enlarge/820/886/6000201820886.jpg | https://i5.walmartimages.ca/images/Enlarge/820/886/6000201820886.jpg,10,Sold by Walmart,Coffee.,"No egg,No fish,No milk,No mustard,No sesame,No shellfish,No soy,No sulfite,No wheat,No lactose,No artificials,Kosher,No added sugars,Paleo-friendly,Vegan-friendly,Vegetarian-friendly,Whole30-friendly",Add to Cart; Find in Store,4.2,105,,5
Walmart Canada,Drinks,Coffee,walmart.ca,https://www.walmart.ca/en/ip/van-houtte-colombian-medium-roast-ground-coffee/6000196608109,,908 g,Walmart.ca > Household Supplies & Pantry > Drinks > Coffee > Ground Coffee,Van Houtte,Van Houtte® Colombian Medium Roast Ground Coffee,SKU:6000196608110,UPC:6215163301,ID:6000196608109,Walmart Item #:30409765,$15.77,,,,$1.74/100GR,"Colombian is the gold standard by which coffe lovers measure every cup. And this one is true to its name, offering a smooth yet deliciously lively flavour with subtle hints of fruity wine.",,"[{""Product Type"":""Medium Roast""},{""Decaffeinated"":""No""},{""Singleserve"":""No""},{""Storage Type"":""Shelf""},{""Clearout Deal"":""No""},{""Lifestyle\/Dietary Need"":""No egg,No fish,No milk,No mustard,No sesame,No shellfish,No soy,No sulfite,No wheat,No lactose,No artificials,No added sugars,Paleo-friendly,Vegan-friendly,Vegetarian-friendly,Whole30-friendly""}]",https://i5.walmartimages.ca/images/Enlarge/466/620/6000198466620.jpg | https://i5.walmartimages.ca/images/Enlarge/466/622/6000198466622.jpg,2,Sold by Walmart,coffee,"No egg,No fish,No milk,No mustard,No sesame,No shellfish,No soy,No sulfite,No wheat,No lactose,No artificials,No added sugars,Paleo-friendly,Vegan-friendly,Vegetarian-friendly,Whole30-friendly",Add to Cart; Find in Store,4.8,10,,
Walmart Canada,Drinks,Coffee,walmart.ca,https://www.walmart.ca/en/ip/maxwell-house-decaf-coffee-100-compostable-pods-30-pods/6000201704034,,292g,Walmart.ca > Household Supplies & Pantry > Drinks > Coffee > Coffee Pods,Maxwell House,"Maxwell House Decaf Coffee 100% Compostable Pods, 30 Pods",SKU:6000201704035,UPC:6618800547,ID:6000201704034,Walmart Item #:30872671,$14.97,$12.97,,$Rollback,$4.44/100GR,"Maxwell House Decaf Coffee is a medium roast Decaffeinated Ground Coffee that has a consistent signature taste. Our medium roast coffee is exceptionally smooth and is decaffeinated for a great cup of coffee at any time of day. Made with 100% Arabica beans and 100% pure ground coffee, this Kosher coffee is great served black or with cream and sugar. Our Coffee pods are made with plant-based materials that are 100% compostable and a recyclable box.","•292g of 30ct Maxwell House Decaf Coffee 100% Compostable Pods
•100% Pure Ground Decaf Coffee
•100% Arabica beans
•100% compostable pods and bag with a recyclable box
•Single Serve Coffee Pods","[{""Product Type"":""Pods""},{""Decaffeinated"":""Yes""},{""Singleserve"":""Yes""},{""Storage Type"":""Shelf""},{""Clearout Deal"":""No""},{""Lifestyle\/Dietary Need"":""""}]",https://i5.walmartimages.ca/images/Enlarge/820/875/6000201820875.jpg | https://i5.walmartimages.ca/images/Enlarge/820/884/6000201820884.jpg | https://i5.walmartimages.ca/images/Enlarge/820/882/6000201820882.jpg | https://i5.walmartimages.ca/images/Enlarge/910/714/6000201910714.jpg | https://i5.walmartimages.ca/images/Enlarge/910/715/6000201910715.jpg | https://i5.walmartimages.ca/images/Enlarge/910/716/6000201910716.jpg | https://i5.walmartimages.ca/images/Enlarge/915/318/6000201915318.jpg | https://i5.walmartimages.ca/images/Enlarge/915/324/6000201915324.jpg | https://i5.walmartimages.ca/images/Enlarge/820/888/6000201820888.jpg | https://i5.walmartimages.ca/images/Enlarge/820/888/6000201820888.jpg,10,Sold by Walmart,DECAFFEINATED COFFEE.,,Add to Cart; Find in Store,4.2,105,,5
Walmart Canada,Drinks,Coffee,walmart.ca,https://www.walmart.ca/en/ip/starbucks-pike-place-ground-coffee-340g/6000192173586,,,Walmart.ca > Household Supplies & Pantry > Drinks > Coffee > Ground Coffee,Starbucks,Starbucks® Pike Place® Ground Coffee 340g,SKU:6000192173587,UPC:76211189817,ID:6000192173586,Walmart Item #:31028138,$11.67,,,,$3.43/100GR,"In 1971 we opened our first store in Seattle’s Pike Place Market. Reflecting on our heritage inspired us to create this delicious blend with smooth body and subtle flavours of cocoa and toasted nuts. Brewed fresh every day in our stores, it’s a rich, satisfying and balanced cup. Made with the same high-quality 100% arabica beans we use in our cafés and grinded to a universal blend, this coffee is perfect to use in any drip machine, pour over or French press.","- Smooth & Balanced
- 100% Arabica Coffee
- Use cold, filtered water. Add 10g of coffee to 180ml of water.","[{""Flavour"":""Other""},{""Product Type"":""Medium Roast""},{""Decaffeinated"":""No""},{""Singleserve"":""No""},{""Storage Type"":""Shelf""},{""Clearout Deal"":""No""},{""Lifestyle\/Dietary Need"":""No egg,No fish,No milk,No mustard,No sesame,No shellfish,No soy,No sulfite,No wheat,No lactose,No artificials,No added sugars,Paleo-friendly,Vegan-friendly,Vegetarian-friendly,Whole30-friendly""}]",https://i5.walmartimages.ca/images/Enlarge/898/173/999999-762111898173.jpg | https://i5.walmartimages.ca/images/Enlarge/850/507/6000197850507.jpg | https://i5.walmartimages.ca/images/Enlarge/850/512/6000197850512.jpg,3,Sold by Walmart,GROUND 100% ARABICA COFFEE,"No egg,No fish,No milk,No mustard,No sesame,No shellfish,No soy,No sulfite,No wheat,No lactose,No artificials,No added sugars,Paleo-friendly,Vegan-friendly,Vegetarian-friendly,Whole30-friendly",Add to Cart; Find in Store,4.4,982,,1
Walmart Canada,Drinks,Coffee,walmart.ca,https://www.walmart.ca/en/ip/nabob-traditional-fine-grind-ground-coffee/6000016932756,,930g,Walmart.ca > Household Supplies & Pantry > Drinks > Coffee > Ground Coffee,Nabob,Nabob Traditional Fine Grind Ground Coffee,SKU:206400,UPC:6020010776,ID:6000016932756,Walmart Item #:9278841,$15.27,,,,$1.64/100GR,"Over 115 years of attention went into this perfectly balanced cup of coffee with delicate hints of cocoa and citrus. As our Roastmaster’s original coffee, this blend is perfect for those who appreciate the classics.","•One 930G canister of Nabob Traditional Fine Grind Ground Coffee
•Made with 100% Arabica beans
•Nabob Coffee is Rainforest Alliance Certified
•Expertly roasted for an incredibly smooth taste
•Kosher Certified","[{""Flavour"":""Unflavoured""},{""Product Type"":""Ground""},{""Decaffeinated"":""No""},{""Singleserve"":""No""},{""Storage Type"":""Shelf""},{""Clearout Deal"":""No""},{""Lifestyle\/Dietary Need"":""No egg,No fish,No milk,No mustard,No sesame,No shellfish,No soy,No sulfite,No wheat,No lactose,No artificials,Kosher,No added sugars,Paleo-friendly,Vegan-friendly,Vegetarian-friendly,Whole30-friendly""}]",https://i5.walmartimages.ca/images/Enlarge/974/2_1/119742_1.jpg | https://i5.walmartimages.ca/images/Enlarge/089/754/6000202089754.jpg | https://i5.walmartimages.ca/images/Enlarge/089/751/6000202089751.jpg | https://i5.walmartimages.ca/images/Enlarge/316/662/6000202316662.jpg | https://i5.walmartimages.ca/images/Enlarge/316/670/6000202316670.jpg | https://i5.walmartimages.ca/images/Enlarge/316/663/6000202316663.jpg | https://i5.walmartimages.ca/images/Enlarge/316/665/6000202316665.jpg,7,Sold by Walmart,100% ARABICA COFFEE.,"No egg,No fish,No milk,No mustard,No sesame,No shellfish,No soy,No sulfite,No wheat,No lactose,No artificials,Kosher,No added sugars,Paleo-friendly,Vegan-friendly,Vegetarian-friendly,Whole30-friendly",Add to Cart; Find in Store,4,39,,8
Walmart Canada,Drinks,Coffee,walmart.ca,https://www.walmart.ca/en/ip/melitta-traditional-medium-roast-ground-coffee/6000188794948,,930 g,Walmart.ca > Household Supplies & Pantry > Drinks > Coffee > Ground Coffee,Melitta,Melitta Traditional Medium Roast & Ground Coffee,SKU:6000188794949,UPC:5543760486,ID:6000188794948,Walmart Item #:30186076,$12.97,,,,$1.39/100GR,"We start with high-grown coffee beans from farms located in prime coffee-producing regions. We batch roast our distinctive gourmet beans and then grind them extra fine in true European fashion. This distinctive fine grind unlocks the coffee’s full flavor, providing a rich full-bodied cup that is always smooth and never bitter. Melitta premium coffee’s unique quality is alive and bold in every sip. Discover&nbsp;Melitta today and enjoy a richer, more flavourable cup of coffee. Our Traditional Premium Roast suits any coffee maker and is ideal for cone-style coffee makers. For best results use Melitta brand coffee filter papers from walmart.ca.","• Premium Arabica beans
• Batch Roasted, Premium Quality Standards
• Medium roast & ground coffee
• Extra fine grind (European Grind)
• Kosher certified
• Suits any coffee maker
• Ideal for cone –style coffee makers
• For best results use Melitta coffee filter papers","[{""Flavour"":""Other""},{""Product Type"":""Medium Roast""},{""Decaffeinated"":""No""},{""Singleserve"":""No""},{""Clearout Deal"":""No""},{""Lifestyle\/Dietary Need"":""No egg,No fish,No milk,No mustard,No sesame,No shellfish,No soy,No sulfite,No wheat,No lactose,No artificials,Kosher,No added sugars,Paleo-friendly,Vegan-friendly,Vegetarian-friendly,Whole30-friendly""}]",https://i5.walmartimages.ca/images/Enlarge/604/864/055437604864.jpg | https://i5.walmartimages.ca/images/Enlarge/486/4_1/055437604864_1.jpg | https://i5.walmartimages.ca/images/Enlarge/486/4_2/055437604864_2.jpg | https://i5.walmartimages.ca/images/Enlarge/486/4_3/055437604864_3.jpg | https://i5.walmartimages.ca/images/Enlarge/486/4_4/055437604864_4.jpg,5,Sold by Walmart,100% PREMIUM GROUND COFFEE,"No egg,No fish,No milk,No mustard,No sesame,No shellfish,No soy,No sulfite,No wheat,No lactose,No artificials,Kosher,No added sugars,Paleo-friendly,Vegan-friendly,Vegetarian-friendly,Whole30-friendly",Add to Cart; Find in Store,4.7,9,,
Walmart Canada,Drinks,Coffee,walmart.ca,https://www.walmart.ca/en/ip/nescaf-gold-instant-and-roast-ground-coffee-100-g/6000197843355,,100 GR,Walmart.ca > Household Supplies & Pantry > Drinks > Coffee > Instant Coffee,NESCAFÉ,NESCAFÉ GOLD™ Instant and Roast & Ground Coffee 100 g,SKU:6000197843356,UPC:5500037774,ID:6000197843355,Walmart Item #:30324932,$5.97,,,,$5.97/100GR,"Exceed all expectations when it comes to instant coffee with new NESCAFÉ GOLD™ Instant and Roast & Ground Coffee (100 g). This high-quality coffee brews a balanced, rich and full body taste for a perfect cup, every time. The secret to our coffee is our micro grind process, which takes Arabica beans and grinds them 10 times finer than regular coffee to unlock their hidden taste and aroma notes. Prepare for an instant coffee that’s extraordinary and unlike any other.","• Blended with premium Arabica beans, ground 10 times finer than regular coffee.
• A smooth, well rounded medium roast.
• Easy to adjust to taste so you can experiment and customize to your perfect cup.
• A high-quality coffee that will exceed any expectations you have for instant coffee.
• Made with the passion you can expect with hand-picked coffee beans.","[{""Product Type"":""Other""},{""Decaffeinated"":""No""},{""Singleserve"":""No""},{""Storage Type"":""Shelf""},{""Clearout Deal"":""No""},{""Lifestyle\/Dietary Need"":""No egg,No fish,No milk,No mustard,No sesame,No shellfish,No soy,No sulfite,No wheat,No lactose,No artificials,No added sugars,Paleo-friendly,Vegan-friendly,Vegetarian-friendly,Whole30-friendly""}]",https://i5.walmartimages.ca/images/Enlarge/941/388/6000197941388.jpg | https://i5.walmartimages.ca/images/Enlarge/941/396/6000197941396.jpg | https://i5.walmartimages.ca/images/Enlarge/941/399/6000197941399.jpg | https://i5.walmartimages.ca/images/Enlarge/941/385/6000197941385.jpg | https://i5.walmartimages.ca/images/Enlarge/941/386/6000197941386.jpg | https://i5.walmartimages.ca/images/Enlarge/732/805/6000201732805.jpg,6,Sold by Walmart,"INSTANT COFFEE, ROAST AND GROUND COFFEE.","No egg,No fish,No milk,No mustard,No sesame,No shellfish,No soy,No sulfite,No wheat,No lactose,No artificials,No added sugars,Paleo-friendly,Vegan-friendly,Vegetarian-friendly,Whole30-friendly",Add to Cart; Find in Store,3.9,3055,,
Walmart Canada,Drinks,Coffee,walmart.ca,https://www.walmart.ca/en/ip/lavazza-crema-e-gusto-espresso-coffee/6000146303575,,250 g,Walmart.ca > Household Supplies & Pantry > Drinks > Coffee > Ground Coffee,Lavazza,Lavazza Crema e Gusto Espresso Coffee,SKU:10299296,UPC:4195303835,ID:6000146303575,Walmart Item #:9298000,$4.27,,,,$1.71/100GR,"\u003Cp>Over a century of history in coffee, passionate dedication to absolute quality and creative discipline at the forefront of innovation. Authentic Italian. \u003C/p>","\u003Cp>A special blend of Robusta and Indian and Brazilian Arabica beans, Crema e Gusto produces a full, rich flavored coffee with hints of chocolate undertones. INGREDIENTS: Robusta and Indian and Brazilian Arabica Beans\u003C/p>\u003Cp>Assembled product dimensions: L 3.00 inches x W 2.00 inches x H 5.50 inches x W 250.00 grams\u003C/p>","[{""Assembled Width"":""2 in""},{""Assembled Length"":""3 in""},{""Assembled Weight"":""1 lb""},{""Assembled Height"":""5.5 in""},{""Product Type"":""Espresso""},{""Decaffeinated"":""No""},{""Singleserve"":""No""},{""Clearout Deal"":""No""},{""Lifestyle\/Dietary Need"":""No egg,No fish,No milk,No mustard,No sesame,No shellfish,No soy,No sulfite,No wheat,No lactose,No artificials,No added sugars,Paleo-friendly,Vegan-friendly,Vegetarian-friendly,Whole30-friendly""}]",https://i5.walmartimages.ca/images/Enlarge/_64/804/64804.jpg | https://i5.walmartimages.ca/images/Enlarge/483/540/6000202483540.jpg | https://i5.walmartimages.ca/images/Enlarge/483/541/6000202483541.jpg,3,Sold by Walmart,ROASTED GROUND COFFEE,"No egg,No fish,No milk,No mustard,No sesame,No shellfish,No soy,No sulfite,No wheat,No lactose,No artificials,No added sugars,Paleo-friendly,Vegan-friendly,Vegetarian-friendly,Whole30-friendly",Add to Cart; Find in Store,4.6,35,,
Walmart Canada,Drinks,Coffee,walmart.ca,https://www.walmart.ca/en/ip/nabob-bold-full-city-dark-ground-coffee/6000196720825,,300g,Walmart.ca > Household Supplies & Pantry > Drinks > Coffee > Ground Coffee,Nabob,Nabob Bold Full City Dark Ground Coffee,SKU:6000196720826,UPC:6020000177,ID:6000196720825,Walmart Item #:31324783,$6.47,,,,$2.16/100GR,"Nabob Bold Full City Dark has an authentic rich and full city dark roast. This Nabob Bold blend explodes with smoky, velvety smooth, full-bodied flavor. All you need are your finely tuned taste buds to enjoy it.","•One bag of Nabob BOLD Full City Dark Ground Coffee (300g)
•Made with 100% Arabica beans
•Nabob Coffee is Rainforest Alliance Certified
•Expertly roasted for an incredibly smooth taste
•Kosher Certified","[{""Product Type"":""Ground""},{""Decaffeinated"":""No""},{""Singleserve"":""No""},{""Storage Type"":""Shelf""},{""Clearout Deal"":""No""},{""Lifestyle\/Dietary Need"":""No egg,No fish,No milk,No mustard,No sesame,No shellfish,No soy,No sulfite,No wheat,No lactose,No artificials,No added sugars,Paleo-friendly,Vegan-friendly,Vegetarian-friendly,Whole30-friendly""}]",https://i5.walmartimages.ca/images/Enlarge/001/771/999999-00060200001771.jpg | https://i5.walmartimages.ca/images/Enlarge/552/571/6000200552571.jpg | https://i5.walmartimages.ca/images/Enlarge/552/572/6000200552572.jpg | https://i5.walmartimages.ca/images/Enlarge/316/644/6000202316644.jpg | https://i5.walmartimages.ca/images/Enlarge/316/635/6000202316635.jpg | https://i5.walmartimages.ca/images/Enlarge/316/636/6000202316636.jpg | https://i5.walmartimages.ca/images/Enlarge/316/643/6000202316643.jpg,7,Sold by Walmart,INGREDIENTS: 100% ARABICA COFFEE.,"No egg,No fish,No milk,No mustard,No sesame,No shellfish,No soy,No sulfite,No wheat,No lactose,No artificials,No added sugars,Paleo-friendly,Vegan-friendly,Vegetarian-friendly,Whole30-friendly",Add to Cart; Find in Store,4.5,2,,
Walmart Canada,Drinks,Coffee,walmart.ca,https://www.walmart.ca/en/ip/nescaf-sweet-creamy-ice-java-470ml/6000145830573,,470 ML,Walmart.ca > Household Supplies & Pantry > Drinks > Coffee > Instant Coffee,NESCAFÉ,NESCAFÉ® Sweet & Creamy Ice Java 470ml,SKU:10298340,UPC:5500010162,ID:6000145830573,Walmart Item #:9281893,$5.27,,,,$1.12/100ML,"With NESCAFÉ® Sweet & Creamy Ice Java (470ml), you are never more than a few moments away from a consistently delicious and refreshing cup of iced coffee. Just mix with milk or your favourite soy beverage, stir, and enjoy a sweet and creamy cup of self-made iced coffee!","• Deliciously flavoured iced coffee syrup
• Easy to make. Just add milk or soy beverage.
• Delicious on ice cream or in milkshakes.
• 50 calories per serving
• Makes over 31 cups of iced coffee","[{""Flavour"":""Other""},{""Product Type"":""Other""},{""Decaffeinated"":""No""},{""Singleserve"":""No""},{""Storage Type"":""Shelf""},{""Clearout Deal"":""No""},{""Lifestyle\/Dietary Need"":""No egg,No fish,No milk,No mustard,No sesame,No shellfish,No soy,No sulfite,No wheat,No lactose,Vegan-friendly,Vegetarian-friendly""}]",https://i5.walmartimages.ca/images/Enlarge/010/162/999999-5500010162.jpg | https://i5.walmartimages.ca/images/Enlarge/197/342/6000199197342.jpg | https://i5.walmartimages.ca/images/Enlarge/197/347/6000199197347.jpg | https://i5.walmartimages.ca/images/Enlarge/197/352/6000199197352.jpg | https://i5.walmartimages.ca/images/Enlarge/197/356/6000199197356.jpg | https://i5.walmartimages.ca/images/Enlarge/22_/nft/55000101622_NFT.jpg | https://i5.walmartimages.ca/images/Enlarge/22_/nft/55000101622_NFT.jpg,7,Sold by Walmart,"SUGAR, WATER, INSTANT COFFEE, ARTIFICIAL FLAVOUR, SUCRALOSE (6 mg per 15 ml serving).","No egg,No fish,No milk,No mustard,No sesame,No shellfish,No soy,No sulfite,No wheat,No lactose,Vegan-friendly,Vegetarian-friendly",Add to Cart; Find in Store,4.6,37,,2
Walmart Canada,Drinks,Coffee,walmart.ca,https://www.walmart.ca/en/ip/keurig-the-original-donut-shop-coffee-medium-roast-recyclable-k-cup-pods/6000197852981,,12 K-Cup® Pods,Walmart.ca > Household Supplies & Pantry > Drinks > Coffee > Coffee Pods,The Original Donut Shop,Keurig® The Original Donut Shop® Coffee Medium Roast Recyclable K-Cup® PODS,SKU:6000197852982,UPC:66344701712,ID:6000197852981,Walmart Item #:30469264,$7.97,,,,$0.66/1EA,The Original Donut Shop® Coffee Regular: a bold and flavourful cup of coffee. Discover The Original Donut Shop® Coffee Keurig® K-Cup® pods today.,,"[{""Product Type"":""Medium Roast""},{""Decaffeinated"":""No""},{""Singleserve"":""No""},{""Franchise"":""Donut Shop""},{""Storage Type"":""Shelf""},{""Clearout Deal"":""No""},{""Lifestyle\/Dietary Need"":""No egg,No fish,No milk,No mustard,No sesame,No shellfish,No soy,No sulfite,No wheat,No lactose,No artificials,No added sugars,Paleo-friendly,Vegan-friendly,Vegetarian-friendly,Whole30-friendly""}]",https://i5.walmartimages.ca/images/Enlarge/355/917/6000199355917.jpg | https://i5.walmartimages.ca/images/Enlarge/465/250/6000198465250.jpg | https://i5.walmartimages.ca/images/Enlarge/465/251/6000198465251.jpg | https://i5.walmartimages.ca/images/Enlarge/279/075/6000200279075.jpg | https://i5.walmartimages.ca/images/Enlarge/279/061/6000200279061.jpg,5,Sold by Walmart,Coffee,"No egg,No fish,No milk,No mustard,No sesame,No shellfish,No soy,No sulfite,No wheat,No lactose,No artificials,No added sugars,Paleo-friendly,Vegan-friendly,Vegetarian-friendly,Whole30-friendly",Add to Cart; Find in Store,4.4,158,,
Walmart Canada,Drinks,Coffee,walmart.ca,https://www.walmart.ca/en/ip/folgers-french-vanilla-flavoured-ground-coffee-326g/6000001846717,,326 g,Walmart.ca > Household Supplies & Pantry > Drinks > Coffee > Ground Coffee,Folgers,Folgers French Vanilla Flavoured Ground Coffee 326g,SKU:205595,UPC:2550006766,ID:6000001846717,Walmart Item #:30624745,$4.97,,,,$1.52/100GR,Start your mornings with the smooth taste and eye-opening aroma of Folgers Ground Coffees. Folgers French Vanilla coffee is a soft and aromatic blend that has been subtly infused with vanilla accents that make every cup a treat. Folgers is an iconic brand that has been brewing great-tasting coffee for over 165 years. Savour the fresh aroma of a perfectly brewed cup of Folgers Coffee.,"• Subtle vanilla accents that are perfect for any time of day.
• Mellow and smooth, infused with irresistable vanilla accents.
• Folgers is an iconic brand that has been brewing great-tasting coffee for over 165 years.
• Made from Pure 100% Coffee 
• Savour the fresh aroma of a perfectly brewed cup of Folgers Coffee","[{""Flavour"":""French vanilla""},{""Product Type"":""Flavoured""},{""Decaffeinated"":""No""},{""Singleserve"":""No""},{""Storage Type"":""Shelf""},{""Clearout Deal"":""No""},{""Lifestyle\/Dietary Need"":""""}]",https://i5.walmartimages.ca/images/Enlarge/067/667/999999-25500067667.jpg | https://i5.walmartimages.ca/images/Enlarge/609/448/6000197609448.jpg | https://i5.walmartimages.ca/images/Enlarge/609/575/6000197609575.jpg | https://i5.walmartimages.ca/images/Enlarge/595/356/6000198595356.jpg | https://i5.walmartimages.ca/images/Enlarge/595/357/6000198595357.jpg,5,Sold by Walmart,"Coffee, Natural and Artificial Flavour",,Add to Cart; Find in Store,4.6,97,,
Walmart Canada,Drinks,Coffee,walmart.ca,https://www.walmart.ca/en/ip/maxwell-house-dark-roast-coffee-100-compostable-pods-30-pods/6000201704031,,292g,Walmart.ca > Household Supplies & Pantry > Drinks > Coffee > Coffee Pods,Maxwell House,"Maxwell House Dark Roast Coffee 100% Compostable Pods, 30 Pods",SKU:6000201704032,UPC:6618800546,ID:6000201704031,Walmart Item #:30872666,$14.97,$12.97,,$Rollback,$4.44/100GR,"Maxwell House Dark Roast Coffee is a dark roast coffee with a full-bodied and balanced flavour. Our coffee has a consistent signature taste that is good to the last drop. The distinctive blend of fine Arabica beans with a velvety, rich and full-bodied. Our Dark Roast coffee is made from 100% pure coffee and Arabica beans. Zero Waste to the consumer - pods are 100% compostable and the box is recyclable.","•292g of 30ct Maxwell House Dark Roast Coffee 100% Compostable Pods
•Made with 100% Arabica beans
•Good to the last drop
•100% pure ground coffee
•100% compostable pods and bag with a recyclable box","[{""Product Type"":""Pods""},{""Decaffeinated"":""No""},{""Singleserve"":""Yes""},{""Storage Type"":""Shelf""},{""Clearout Deal"":""No""},{""Lifestyle\/Dietary Need"":""No egg,No fish,No milk,No mustard,No sesame,No shellfish,No soy,No sulfite,No wheat,No lactose,No artificials,Kosher,No added sugars,Paleo-friendly,Vegan-friendly,Vegetarian-friendly,Whole30-friendly""}]",https://i5.walmartimages.ca/images/Enlarge/820/877/6000201820877.jpg | https://i5.walmartimages.ca/images/Enlarge/820/881/6000201820881.jpg | https://i5.walmartimages.ca/images/Enlarge/820/870/6000201820870.jpg | https://i5.walmartimages.ca/images/Enlarge/910/707/6000201910707.jpg | https://i5.walmartimages.ca/images/Enlarge/910/708/6000201910708.jpg | https://i5.walmartimages.ca/images/Enlarge/910/710/6000201910710.jpg | https://i5.walmartimages.ca/images/Enlarge/915/319/6000201915319.jpg | https://i5.walmartimages.ca/images/Enlarge/915/322/6000201915322.jpg | https://i5.walmartimages.ca/images/Enlarge/820/861/6000201820861.jpg | https://i5.walmartimages.ca/images/Enlarge/820/861/6000201820861.jpg,10,Sold by Walmart,Coffee.,"No egg,No fish,No milk,No mustard,No sesame,No shellfish,No soy,No sulfite,No wheat,No lactose,No artificials,Kosher,No added sugars,Paleo-friendly,Vegan-friendly,Vegetarian-friendly,Whole30-friendly",Add to Cart; Find in Store,4.2,105,,5
Walmart Canada,Drinks,Coffee,walmart.ca,https://www.walmart.ca/en/ip/folgers-classic-decaf-ground-coffee-642g/6000016949121,,642 g,Walmart.ca > Household Supplies & Pantry > Drinks > Coffee > Ground Coffee,Folgers,Folgers Classic Decaf Ground Coffee 642g,SKU:205591,UPC:2550000290,ID:6000016949121,Walmart Item #:9280837,$8.97,,,,$1.4/100GR,"Start your mornings with the smooth taste and eye-opening aroma of Folgers Ground Coffees. Enjoy our signature coffee blend - in a decaffeinated variety. &nbsp;A medium roast coffee specially ground for a smooth, balanced taste and aroma.  Folgers is an iconic brand that has been brewing great-tasting coffee for over 165 years. Savour the fresh aroma of a perfectly brewed cup of Folgers Coffee.","•Enjoy the rich, pure taste of Folgers in a decaffeinated variety
• Medium Roast blend with smooth, balanced taste.
• Folgers is an iconic brand that has been brewing great-tasting coffee for over 165 years.
• Made from Pure 100% Coffee.
• Savour the fresh aroma of a perfectly brewed cup of Folgers Coffee","[{""Flavour"":""Columbian""},{""Product Type"":""Medium Roast""},{""Decaffeinated"":""Yes""},{""Singleserve"":""No""},{""Storage Type"":""Shelf""},{""Clearout Deal"":""No""},{""Lifestyle\/Dietary Need"":""No egg,No fish,No milk,No mustard,No sesame,No shellfish,No soy,No sulfite,No wheat,No lactose,No artificials,Kosher,No added sugars,Paleo-friendly,Vegan-friendly,Vegetarian-friendly,Whole30-friendly""}]",https://i5.walmartimages.ca/images/Enlarge/_29/030/29030.jpg | https://i5.walmartimages.ca/images/Enlarge/595/338/6000198595338.jpg | https://i5.walmartimages.ca/images/Enlarge/609/433/6000197609433.jpg | https://i5.walmartimages.ca/images/Enlarge/609/434/6000197609434.jpg | https://i5.walmartimages.ca/images/Enlarge/595/342/6000198595342.jpg | https://i5.walmartimages.ca/images/Enlarge/595/343/6000198595343.jpg | https://i5.walmartimages.ca/images/Enlarge/595/344/6000198595344.jpg | https://i5.walmartimages.ca/images/Enlarge/595/347/6000198595347.jpg | https://i5.walmartimages.ca/images/Enlarge/595/348/6000198595348.jpg,9,Sold by Walmart,"DECAFFEINATED COFFEE, DECAFFEINATED WITH ETHYL ACETATE.","No egg,No fish,No milk,No mustard,No sesame,No shellfish,No soy,No sulfite,No wheat,No lactose,No artificials,Kosher,No added sugars,Paleo-friendly,Vegan-friendly,Vegetarian-friendly,Whole30-friendly",Add to Cart; Find in Store,4.3,54,,
Walmart Canada,Drinks,Coffee,walmart.ca,https://www.walmart.ca/en/ip/nabob-100-colombian-coffee-100-compostable-pods/6000201701309,,"292g, 30 Pods",Walmart.ca > Household Supplies & Pantry > Drinks > Coffee > Coffee Pods,Nabob,Nabob 100% Colombian Coffee 100% Compostable Pods,SKU:6000201701310,UPC:6020001001,ID:6000201701309,Walmart Item #:30872679,$16.47,$13.97,,$Rollback,$4.78/100GR,"Nabob 100% Colombian Coffee Pods deliver Nabob's locally-sourced coffee beans in a convenient format. For an unmatched aromatic finish, brew a cup of this bright citrusy medium roast and indulge in the exceptional flavour.","•One 292G box of Nabob 100% Colombian Coffee Single Serve Pods (30 pods)
•Made with 100% Arabica beans
•Nabob Coffee is Rainforest Certified
•Zero Waste - pods are compostable and packaging is recyclable","[{""Product Type"":""Pods""},{""Decaffeinated"":""No""},{""Singleserve"":""Yes""},{""Storage Type"":""Shelf""},{""Clearout Deal"":""No""},{""Lifestyle\/Dietary Need"":""No egg,No fish,No milk,No mustard,No sesame,No shellfish,No soy,No sulfite,No wheat,No lactose,No artificials,Kosher,No added sugars,Paleo-friendly,Vegan-friendly,Vegetarian-friendly,Whole30-friendly""}]",https://i5.walmartimages.ca/images/Enlarge/820/873/6000201820873.jpg | https://i5.walmartimages.ca/images/Enlarge/820/885/6000201820885.jpg | https://i5.walmartimages.ca/images/Enlarge/820/874/6000201820874.jpg | https://i5.walmartimages.ca/images/Enlarge/316/248/6000202316248.jpg | https://i5.walmartimages.ca/images/Enlarge/316/238/6000202316238.jpg | https://i5.walmartimages.ca/images/Enlarge/316/251/6000202316251.jpg | https://i5.walmartimages.ca/images/Enlarge/316/255/6000202316255.jpg | https://i5.walmartimages.ca/images/Enlarge/316/259/6000202316259.jpg,8,Sold by Walmart,Coffee.,"No egg,No fish,No milk,No mustard,No sesame,No shellfish,No soy,No sulfite,No wheat,No lactose,No artificials,Kosher,No added sugars,Paleo-friendly,Vegan-friendly,Vegetarian-friendly,Whole30-friendly",Add to Cart; Find in Store,4,39,,8
Walmart Canada,Drinks,Coffee,walmart.ca,https://www.walmart.ca/en/ip/starbucks-caff-verona-dark-roast-ground-coffee-k-cup-pods-24-ct-box/6000198120905,,24 EA,Walmart.ca > Household Supplies & Pantry > Drinks > Coffee > Coffee Pods,Starbucks,Starbucks® Caffè Verona® Dark Roast Ground Coffee K-Cup® Pods 24 ct Box,SKU:6000198120906,UPC:76211128203,ID:6000198120905,Walmart Item #:31575449,$22.47,,,,$0.94/1EA,"A passion for the culinary romance of Italy inspired this seductive, full-bodied blend of Latin American and Asia/Pacific coffees, with Italian Roast added for depth. It’s rich and well-balanced with a dark cocoa texture and a roasty sweetness.Designed for use with the Keurig® Single Cup Brewing System to provide a premium brewed coffee experience in less than a minute—without the mess.","• 100% Arabica Coffee
• Roasty Sweet & Dark Cocoa
• Multi-Growing Region, Latin America & Asia Pacific
• Dark Roast","[{""Product Type"":""Dark Roast""},{""Decaffeinated"":""No""},{""Singleserve"":""Yes""},{""Storage Type"":""Shelf""},{""Clearout Deal"":""No""},{""Lifestyle\/Dietary Need"":""No egg,No fish,No milk,No mustard,No sesame,No shellfish,No soy,No sulfite,No wheat,No lactose,No artificials,No added sugars,Paleo-friendly,Vegan-friendly,Vegetarian-friendly,Whole30-friendly""}]",https://i5.walmartimages.ca/images/Enlarge/822/592/6000198822592.jpg | https://i5.walmartimages.ca/images/Enlarge/822/610/6000198822610.jpg | https://i5.walmartimages.ca/images/Enlarge/822/614/6000198822614.jpg | https://i5.walmartimages.ca/images/Enlarge/822/621/6000198822621.jpg | https://i5.walmartimages.ca/images/Enlarge/822/622/6000198822622.jpg | https://i5.walmartimages.ca/images/Enlarge/928/613/6000203928613.jpg | https://i5.walmartimages.ca/images/Enlarge/928/620/6000203928620.jpg | https://i5.walmartimages.ca/images/Enlarge/822/605/6000198822605.jpg,8,Sold by Walmart,COFFEE,"No egg,No fish,No milk,No mustard,No sesame,No shellfish,No soy,No sulfite,No wheat,No lactose,No artificials,No added sugars,Paleo-friendly,Vegan-friendly,Vegetarian-friendly,Whole30-friendly",Add to Cart; Find in Store,4.7,748,,
Walmart Canada,Drinks,Coffee,walmart.ca,https://www.walmart.ca/en/ip/folgers-caramel-drizzle-k-cup-coffee-pods-30-count/6000196409453,,"30 K-Cup Pods, 240 Grams",Walmart.ca > Household Supplies & Pantry > Drinks > Coffee > Coffee Pods,Folgers,Folgers Caramel Drizzle K-Cup Coffee Pods 30 Count,SKU:6000196409454,UPC:2550049109,ID:6000196409453,Walmart Item #:30421019,$16.47,,,,$0.55/100GR,"Indulge your taste buds in Folgers Caramel Drizzle K-Cup coffee. This rich and creamy blend has a hint of soft smooth caramel, followed by a calm and warming finish. Certified for Keurig K-Cup coffee brewers.","• Rich and creamy coffee blend with hint of soft smooth caramel, followed by a calm and warming finish 
• Made with 100%  Arabica coffee beans
• Large count value size 
• Now in recyclable Keurig K-Cup pods!
• Folgers is an iconic coffee brand that has been brewing great-tasting coffee for over 165 years","[{""Product Type"":""Flavoured""},{""Decaffeinated"":""No""},{""Singleserve"":""No""},{""Storage Type"":""Shelf""},{""Clearout Deal"":""No""},{""Lifestyle\/Dietary Need"":""No egg,No fish,No milk,No mustard,No sesame,No shellfish,No soy,No sulfite,No wheat,No lactose,Kosher,No added sugars,Vegan-friendly,Vegetarian-friendly""}]",https://i5.walmartimages.ca/images/Enlarge/021/576/6000203021576.jpg | https://i5.walmartimages.ca/images/Enlarge/021/513/6000203021513.jpg | https://i5.walmartimages.ca/images/Enlarge/587/994/6000201587994.jpg | https://i5.walmartimages.ca/images/Enlarge/588/003/6000201588003.jpg | https://i5.walmartimages.ca/images/Enlarge/588/005/6000201588005.jpg,5,Sold by Walmart,"COFFEE, ARTIFICIAL FLAVOUR.","No egg,No fish,No milk,No mustard,No sesame,No shellfish,No soy,No sulfite,No wheat,No lactose,Kosher,No added sugars,Vegan-friendly,Vegetarian-friendly",Add to Cart; Find in Store,5,1,,
Walmart Canada,Drinks,Coffee,walmart.ca,https://www.walmart.ca/en/ip/melitta-100-colombian-estate-blend-whole-bean-coffee/6000016944847,,907 g,Walmart.ca > Household Supplies & Pantry > Drinks > Coffee > Coffee Beans,Melitta,Melitta 100% Colombian Estate Blend Whole Bean Coffee,SKU:205907,UPC:5543760776,ID:6000016944847,Walmart Item #:30629385,$15.97,,,,$1.76/100GR,\u003Cul> \u003Cli>100% Colombian Whole Bean 907g\u003C/li> \u003Cli>100% Arabica beans\u003C/li> \u003Cli>Medium Roast\u003C/li> \u003Cli>Colombian Supremo Grade\u003C/li> \u003Cli>European Indulgence\u003C/li> \u003C/ul>,,"[{""Product Type"":""Medium Roast""},{""Decaffeinated"":""No""},{""Singleserve"":""No""},{""Clearout Deal"":""No""},{""Lifestyle\/Dietary Need"":""No egg,No fish,No mustard,No sesame,No shellfish,No soy,No sulfite,No wheat,Kosher,No added sugars,Vegetarian-friendly""}]",https://i5.walmartimages.ca/images/Enlarge/76-/6_1/999999-0-55437-60776-6_1.jpg | https://i5.walmartimages.ca/images/Enlarge/76-/6_2/999999-0-55437-60776-6_2.jpg | https://i5.walmartimages.ca/images/Enlarge/76-/6_3/999999-0-55437-60776-6_3.jpg | https://i5.walmartimages.ca/images/Enlarge/76-/6_4/999999-0-55437-60776-6_4.jpg | https://i5.walmartimages.ca/images/Enlarge/76-/6_5/999999-0-55437-60776-6_5.jpg,5,Sold by Walmart,"Espresso/Colombian/Dark: 100% Arabica Coffee. French Vanilla / Hazelnut Crème: 100% Arabica Coffee, Artificial Flavours, Natural Flavors.","No egg,No fish,No mustard,No sesame,No shellfish,No soy,No sulfite,No wheat,Kosher,No added sugars,Vegetarian-friendly",Add to Cart; Find in Store,4.7,11,,
Walmart Canada,Drinks,Coffee,walmart.ca,https://www.walmart.ca/en/ip/nescaf-tasters-choice-classic-instant-coffee-100-g/6000145830615,,100 GR,Walmart.ca > Household Supplies & Pantry > Drinks > Coffee > Instant Coffee,NESCAFÉ,NESCAFÉ® TASTER’S CHOICE® Classic Instant Coffee 100 g,SKU:10298649,UPC:5500000255,ID:6000145830615,Walmart Item #:30623906,$6.97,,,,$6.97/100GR,"Get a perfectly rich, robust coffee in mere moments with NESCAFÉ® TASTER’S CHOICE® Classic Instant Coffee (100 g). We carefully select beans from around the world to ensure a quality, well-rounded, and oh-so-satisfying smooth coffee. Every morning, you can rely on TASTER’S CHOICE® to provide a delicious cup, every time.","• Instant coffee made from 100% pure, specially-selected coffee beans.
• We carefully select beans from around the world to ensure a deliciously well-rounded and oh-so-satisfying smooth coffee, every time.
• NESCAFÉ TASTER’S CHOICE® has 0 calories. It’s what you add that counts!
• We're investing in our factories to reduce energy use and waste as part of the NESCAFÉ Plan.
• In 2013 we distributed over 21.4 million coffee plantlets through the NESCAFÉ Plan.","[{""Flavour"":""Other""},{""Product Type"":""Other""},{""Decaffeinated"":""No""},{""Singleserve"":""No""},{""Storage Type"":""Shelf""},{""Clearout Deal"":""No""},{""Lifestyle\/Dietary Need"":""No egg,No fish,No milk,No mustard,No sesame,No shellfish,No soy,No sulfite,No wheat,No lactose,No artificials,No added sugars,Paleo-friendly,Vegan-friendly,Vegetarian-friendly,Whole30-friendly""}]",https://i5.walmartimages.ca/images/Enlarge/002/554/999999-55000002554.jpg | https://i5.walmartimages.ca/images/Enlarge/255/4_1/999999-55000002554_1.jpg | https://i5.walmartimages.ca/images/Enlarge/255/4_2/999999-55000002554_2.jpg | https://i5.walmartimages.ca/images/Enlarge/197/079/6000199197079.jpg,4,Sold by Walmart,100% PURE COFFEE,"No egg,No fish,No milk,No mustard,No sesame,No shellfish,No soy,No sulfite,No wheat,No lactose,No artificials,No added sugars,Paleo-friendly,Vegan-friendly,Vegetarian-friendly,Whole30-friendly",Add to Cart; Find in Store,4.2,25,,1
Walmart Canada,Drinks,Coffee,walmart.ca,https://www.walmart.ca/en/ip/melitta-natural-brown-2-coffee-filters/6000016950273,,100 Count,Walmart.ca > Household Supplies & Pantry > Drinks > Coffee > Filters & Accessories,Melitta,Melitta Natural Brown #2 Coffee Filters,SKU:205910,UPC:5543762285,ID:6000016950273,Walmart Item #:9227140,$4.47,,,,$0.06/1EA,\u003Cul>\u003Cli>Unbleached Coffee Filters\u003C/li>\u003Cli>Flavour pores for better taste\u003C/li>\u003Cli>1-2 Cup Cone filter\u003C/li>\u003Cli>Double Crimped for extra strength\u003C/li>\u003C/ul>,,"[{""Singleserve"":""No""},{""Clearout Deal"":""No""},{""Lifestyle\/Dietary Need"":""""}]",https://i5.walmartimages.ca/images/Enlarge/85-/1_1/999999-0-55437-62285-1_1.jpg | https://i5.walmartimages.ca/images/Enlarge/85-/1_2/999999-0-55437-62285-1_2.jpg | https://i5.walmartimages.ca/images/Enlarge/85-/1_3/999999-0-55437-62285-1_3.jpg | https://i5.walmartimages.ca/images/Enlarge/85-/1_4/999999-0-55437-62285-1_4.jpg,4,Sold by Walmart,,,Add to Cart; Find in Store,3,2,,1
Walmart Canada,Drinks,Coffee,walmart.ca,https://www.walmart.ca/en/ip/starbucks-caramel-flavoured-ground-coffee-k-cup-pods-10-ct-box/6000196674382,,10 EA,Walmart.ca > Household Supplies & Pantry > Drinks > Coffee > Coffee Pods,Starbucks,STARBUCKS® Caramel Flavoured Ground Coffee K-Cup® Pods 10 ct Box,SKU:6000196674383,UPC:76211196002,ID:6000196674382,Walmart Item #:30521777,$11.67,,,,$1.17/1EA,So simple. So sweet. Caramel adds just the right touch of richness to every cup. Our blend of caramel flavour with a medium-roasted coffee creates moments to savour from the brewing aroma to the very last sip. Designed for use with the Keurig® Single Cup Brewing System to provide a premium brewed coffee experience in less than a minute – without the mess.,"• 100% Arabica Coffee
• Buttery & Smooth
• Growing Region of Latin America
• Medium Roast","[{""Product Type"":""Flavoured""},{""Decaffeinated"":""No""},{""Singleserve"":""Yes""},{""Storage Type"":""Shelf""},{""Clearout Deal"":""No""},{""Lifestyle\/Dietary Need"":""No egg,No fish,No milk,No mustard,No sesame,No shellfish,No soy,No sulfite,No wheat,No lactose,No added sugars,Vegan-friendly,Vegetarian-friendly""}]",https://i5.walmartimages.ca/images/Enlarge/960/023/999999-UPC_762111960023.jpg | https://i5.walmartimages.ca/images/Enlarge/850/566/6000197850566.jpg | https://i5.walmartimages.ca/images/Enlarge/850/545/6000197850545.jpg | https://i5.walmartimages.ca/images/Enlarge/401/832/6000202401832.jpg | https://i5.walmartimages.ca/images/Enlarge/401/831/6000202401831.jpg | https://i5.walmartimages.ca/images/Enlarge/928/645/6000203928645.jpg | https://i5.walmartimages.ca/images/Enlarge/928/638/6000203928638.jpg | https://i5.walmartimages.ca/images/Enlarge/401/839/6000202401839.jpg,8,Sold by Walmart,"GROUND COFFEE, FLAVOURS.","No egg,No fish,No milk,No mustard,No sesame,No shellfish,No soy,No sulfite,No wheat,No lactose,No added sugars,Vegan-friendly,Vegetarian-friendly",Add to Cart; Find in Store,4.4,141,,
Walmart Canada,Drinks,Coffee,walmart.ca,https://www.walmart.ca/en/ip/lavazza-espresso-rossa-whole-beans-coffee/6000145830356,,1 kg,Walmart.ca > Household Supplies & Pantry > Drinks > Coffee > Coffee Beans,Lavazza,Lavazza Espresso Rossa Whole Beans Coffee,SKU:10298494,UPC:4195303689,ID:6000145830356,Walmart Item #:9285442,$17.97,,,,$0.02/1GR,"A blend of the highest quality Arabica and Robusta beans, this coffee offers a perfect balance of exceptional flavour, body and aroma. INGREDIENTS: Arabica And Robusta Beans",,"[{""Product Type"":""Espresso""},{""Decaffeinated"":""No""},{""Singleserve"":""No""},{""Storage Type"":""Shelf""},{""Clearout Deal"":""No""},{""Lifestyle\/Dietary Need"":""No egg,No fish,No milk,No mustard,No sesame,No shellfish,No soy,No sulfite,No wheat,No lactose,No artificials,No added sugars,Paleo-friendly,Vegan-friendly,Vegetarian-friendly,Whole30-friendly""}]",https://i5.walmartimages.ca/images/Enlarge/036/890/999999-41953036890.jpg | https://i5.walmartimages.ca/images/Enlarge/475/379/6000202475379.jpg | https://i5.walmartimages.ca/images/Enlarge/475/380/6000202475380.jpg,3,Sold by Walmart,ROASTED COFFEE BEANS,"No egg,No fish,No milk,No mustard,No sesame,No shellfish,No soy,No sulfite,No wheat,No lactose,No artificials,No added sugars,Paleo-friendly,Vegan-friendly,Vegetarian-friendly,Whole30-friendly",Add to Cart; Find in Store,4.5,24,,2
Walmart Canada,Drinks,Coffee,walmart.ca,https://www.walmart.ca/en/ip/folgers-lively-colombian-k-cup-coffee-pods-30-count/6000188769830,,30 K-Cups,Walmart.ca > Household Supplies & Pantry > Drinks > Coffee > Coffee Pods,Folgers,Folgers Lively Colombian K-Cup Coffee Pods 30 Count,SKU:6000188769831,UPC:2550020414,ID:6000188769830,Walmart Item #:31013754,$16.47,,,,$0.55/1EA,"Our distinctively rich, Lively Colombian K-Cup coffee, full-bodied and made with 100% Colombian beans. Certified for Keurig K-Cup coffee brewers. Folgers is an iconic brand that has been brewing great-tasting coffee for over 165 years. Savour the fresh aroma of a perfectly brewed cup of Folgers Coffee.","• Medium roast coffee with a distrinctly rich and full-bodied taste
• Made with 100% Colombian coffee beans
• Made with 100% Arabica coffee beans
• Now in recyclable Keurig K-Cup pods!
• Folgers is an iconic coffee brand that has been brewing great-tasting coffee for over 165 years","[{""Product Type"":""Medium Roast""},{""Decaffeinated"":""No""},{""Singleserve"":""No""},{""Storage Type"":""Shelf""},{""Clearout Deal"":""No""},{""Lifestyle\/Dietary Need"":""No egg,No fish,No milk,No mustard,No sesame,No shellfish,No soy,No sulfite,No wheat,No lactose,No artificials,Kosher,No added sugars,Paleo-friendly,Vegan-friendly,Vegetarian-friendly,Whole30-friendly""}]",https://i5.walmartimages.ca/images/Enlarge/021/318/6000203021318.jpg | https://i5.walmartimages.ca/images/Enlarge/021/383/6000203021383.jpg | https://i5.walmartimages.ca/images/Enlarge/588/106/6000201588106.jpg | https://i5.walmartimages.ca/images/Enlarge/588/107/6000201588107.jpg | https://i5.walmartimages.ca/images/Enlarge/588/108/6000201588108.jpg,5,Sold by Walmart,Coffee.,"No egg,No fish,No milk,No mustard,No sesame,No shellfish,No soy,No sulfite,No wheat,No lactose,No artificials,Kosher,No added sugars,Paleo-friendly,Vegan-friendly,Vegetarian-friendly,Whole30-friendly",Add to Cart; Find in Store,4.8,47,,1
Walmart Canada,Drinks,Coffee,walmart.ca,https://www.walmart.ca/en/ip/tim-hortons-single-serve-coffee-cups-30-variety-pack/6000199409247,,30 Variety Pack,Walmart.ca > Household Supplies & Pantry > Drinks > Coffee > Coffee Pods,Tim Hortons,"Tim Hortons Single Serve Coffee Cups, 30 Variety Pack",SKU:6000199409248,UPC:6320911274,ID:6000199409247,Walmart Item #:30273533,$19.98,,,,$0.67/1EA,"Since 1964, we have been committed to serving a great cup of coffee. The signature flavor in every cup is created using our own unique blend of 100% Arabica beans. Enjoy the taste at home in convenient, Single Serve Coffee Cups, compatible for use in all Keurig® K-CUP® machines.","• 6 Original Blend, 6 Dark Roast, 6 Bold Roast, 6 100% Colombian, 6 French Vanilla
• Compatible for use with all Keurig® K-Cup® Brewers
• Tim Hortons and this product have no affiliation with Keurig® or K-Cup®","[{""Product Type"":""Pods""},{""Decaffeinated"":""No""},{""Storage Type"":""Shelf""},{""Lifestyle\/Dietary Need"":""No egg,No fish,No milk,No mustard,No sesame,No shellfish,No soy,No sulfite,No wheat,No lactose,No added sugars,Vegan-friendly,Vegetarian-friendly""}]",https://i5.walmartimages.ca/images/Enlarge/081/276/6000201081276.jpg,1,Sold by Walmart,Arabica coffee. Ingredients: Arabica coffee • Artificial flavours.,"No egg,No fish,No milk,No mustard,No sesame,No shellfish,No soy,No sulfite,No wheat,No lactose,No added sugars,Vegan-friendly,Vegetarian-friendly",Add to Cart; Find in Store,4.6,13,,
Walmart Canada,Drinks,Coffee,walmart.ca,https://www.walmart.ca/en/ip/nescaf-gold-cappuccino-coffee-mix-8-x-14-g/6000145830590,,8 x 14 G,Walmart.ca > Household Supplies & Pantry > Drinks > Coffee > Instant Coffee,NESCAFÉ,NESCAFÉ GOLD™ Cappuccino Coffee Mix 8 x 14 g,SKU:10298619,UPC:5500089037,ID:6000145830590,Walmart Item #:30143731,$5.47,,,,$3.8/100GR,"Discover indulgent moments brewed with the perfect balance of select, high-quality ingredients. NESCAFE GOLD™ Cappuccino Coffee Mix (8 x 14 g) easily crafts a delicious, coffee-shop inspired cappuccino you can whip up at home – no barista required. A great way to serve up and share a delightful combination of smooth coffee and mouth-watering foam in your perfect cup.","• 8 sachets for sharing a perfectly foamy and creamy delight.
• Each sachet whips up a delicious, instant cappuccino-flavoured coffee.
• 50 calories per serving.
• Pre-dosed, so there’s no other ingredients required.
• Made with high-quality ingredients to exceed your expectations for instant coffee.","[{""Flavour"":""Unflavoured""},{""Product Type"":""Other""},{""Decaffeinated"":""No""},{""Singleserve"":""No""},{""Storage Type"":""Shelf""},{""Clearout Deal"":""No""},{""Lifestyle\/Dietary Need"":""No egg,No fish,No mustard,No sesame,No shellfish,No soy,No sulfite,No wheat,Vegetarian-friendly""}]",https://i5.walmartimages.ca/images/Enlarge/890/373/999999-55000890373.jpg | https://i5.walmartimages.ca/images/Enlarge/037/3_1/999999-55000890373_1.jpg | https://i5.walmartimages.ca/images/Enlarge/037/3_2/999999-55000890373_2.jpg | https://i5.walmartimages.ca/images/Enlarge/037/3_3/999999-55000890373_3.jpg | https://i5.walmartimages.ca/images/Enlarge/037/3_6/999999-55000890373_6.jpg | https://i5.walmartimages.ca/images/Enlarge/037/3_7/999999-55000890373_7.jpg | https://i5.walmartimages.ca/images/Enlarge/037/3_8/999999-55000890373_8.jpg | https://i5.walmartimages.ca/images/Enlarge/037/3_4/999999-55000890373_4.jpg | https://i5.walmartimages.ca/images/Enlarge/73_/nft/55000890373_NFT.jpg | https://i5.walmartimages.ca/images/Enlarge/73_/nft/55000890373_NFT.jpg,10,Sold by Walmart,"SUGAR, INSTANT COFFEE, GLUCOSE SYRUP, SKIM MILK POWDER, COCONUT OIL, LACTOSE, SALT, MILK FAT, FLAVOUR, DIPOTASSIUM PHOSPHASTE, SODIUM POLYPHOSPHATE, SODIUM CITRATE.","No egg,No fish,No mustard,No sesame,No shellfish,No soy,No sulfite,No wheat,Vegetarian-friendly",Add to Cart; Find in Store,4,9158,,1
Walmart Canada,Drinks,Coffee,walmart.ca,https://www.walmart.ca/en/ip/starbucks-french-roast-ground-coffee-340g/6000192173574,,,Walmart.ca > Household Supplies & Pantry > Drinks > Coffee > Ground Coffee,Starbucks,Starbucks® French Roast Ground Coffee 340g,SKU:6000192173575,UPC:76211189804,ID:6000192173574,Walmart Item #:31028135,$11.67,,,,$3.43/100GR,"Muted with oil, the tumbling beans become eerily silent. A master roaster watches, knowing that if he pushes them a second too long, they'll burst into flame. White smoke hangs down as the glistening beans turn ebony. This is French Roast, and you can't roast it darker. Straightforward, light-bodied with low acidity, and immensely popular since 1971, our darkest roast is adored for its intense smokiness. Made with the same high-quality 100% arabica beans we use in our cafés and grinded to a universal blend, this coffee is perfect to use in any drip machine, pour over or French press.","- Intense & Smokey
- 100% Arabica Coffee
- Use cold, filtered water. Add 10g of coffee to 180ml of water.","[{""Flavour"":""French roast""},{""Product Type"":""Dark Roast""},{""Decaffeinated"":""No""},{""Singleserve"":""No""},{""Storage Type"":""Shelf""},{""Clearout Deal"":""No""},{""Lifestyle\/Dietary Need"":""No egg,No fish,No milk,No mustard,No sesame,No shellfish,No soy,No sulfite,No wheat,No lactose,No artificials,No added sugars,Paleo-friendly,Vegan-friendly,Vegetarian-friendly,Whole30-friendly""}]",https://i5.walmartimages.ca/images/Enlarge/898/043/999999-762111898043.jpg | https://i5.walmartimages.ca/images/Enlarge/850/517/6000197850517.jpg | https://i5.walmartimages.ca/images/Enlarge/850/499/6000197850499.jpg,3,Sold by Walmart,GROUND 100% ARABICA COFFEE,"No egg,No fish,No milk,No mustard,No sesame,No shellfish,No soy,No sulfite,No wheat,No lactose,No artificials,No added sugars,Paleo-friendly,Vegan-friendly,Vegetarian-friendly,Whole30-friendly",Add to Cart; Find in Store,4.7,875,,
Walmart Canada,Drinks,Coffee,walmart.ca,https://www.walmart.ca/en/ip/keurig-van-houtte-vanilla-hazelnut-light-roast-recyclable-k-cup-pods/6000194960205,,Box of 12 K-Cup® pods,Walmart.ca > Household Supplies & Pantry > Drinks > Coffee > Coffee Pods,Van Houtte,Keurig® Van Houtte® Vanilla Hazelnut Light Roast Recyclable K-Cup® PODS,SKU:6000194960206,UPC:6215139790,ID:6000194960205,Walmart Item #:30271008,$8.97,,,,$0.75/1EA,"This mellow coffee offers the sweet, luscious flavour of vanilla amrried with the taste of toasted hazelnuts and the aroma of fresh coffee.",,"[{""Flavour"":""Hazelnut""},{""Product Type"":""Flavoured""},{""Decaffeinated"":""No""},{""Singleserve"":""No""},{""Franchise"":""Van Houtte""},{""Storage Type"":""Shelf""},{""Clearout Deal"":""No""},{""Lifestyle\/Dietary Need"":""No egg,No fish,No milk,No mustard,No sesame,No shellfish,No soy,No sulfite,No wheat,No lactose,No added sugars,Vegan-friendly,Vegetarian-friendly""}]",https://i5.walmartimages.ca/images/Enlarge/356/032/6000199356032.jpg | https://i5.walmartimages.ca/images/Enlarge/465/506/6000198465506.jpg | https://i5.walmartimages.ca/images/Enlarge/465/507/6000198465507.jpg,3,Sold by Walmart,Arabica coffee • Artificial flavour,"No egg,No fish,No milk,No mustard,No sesame,No shellfish,No soy,No sulfite,No wheat,No lactose,No added sugars,Vegan-friendly,Vegetarian-friendly",Add to Cart; Find in Store,4.8,32,,
Walmart Canada,Drinks,Coffee,walmart.ca,https://www.walmart.ca/en/ip/mccaf-premium-roast-decaf-recyclable-k-cup-pods-12-count/6000200925468,,12 count,Walmart.ca > Household Supplies & Pantry > Drinks > Coffee > Coffee Pods,McCafe,"McCafé® Premium Roast Decaf Recyclable K-Cup® Pods, 12 Count",SKU:6000200925469,UPC:66344760825,ID:6000200925468,Walmart Item #:30312632,$9.97,,,,,"McCafé® Premium Roast Decaffeinated Coffee in K-Cup® pods are made with 100% ethically sourced Arabica beans from Rainforest Alliance Certified™ farms. We’re supporting farmers so their communities, and the rainforests around them, can prosper for generations to come.","- Made with 100% ethically sourced Arabica beans
- Rainforest Alliance Certified™
- Traditionally fire-roasted for a rich, delicious full-bodied flavour
- Unique Swiss Water™ process naturally removes caffeine while preserving our signature taste
- McCafé® K-Cup® pods are recyclable
- Compatible with all Keurig® K-Cup® coffee makers","[{""Product Type"":""Pods""},{""Decaffeinated"":""Yes""},{""Storage Type"":""Shelf""},{""Clearout Deal"":""No""},{""Lifestyle\/Dietary Need"":""No egg,No fish,No milk,No mustard,No sesame,No shellfish,No soy,No sulfite,No wheat,No lactose,No artificials,Kosher,No added sugars,Paleo-friendly,Vegan-friendly,Vegetarian-friendly,Whole30-friendly""}]",https://i5.walmartimages.ca/images/Enlarge/095/646/6000201095646.jpg | https://i5.walmartimages.ca/images/Enlarge/095/649/6000201095649.jpg | https://i5.walmartimages.ca/images/Enlarge/095/651/6000201095651.jpg,3,Sold by Walmart,Decaffeinated arabica coffee.,"No egg,No fish,No milk,No mustard,No sesame,No shellfish,No soy,No sulfite,No wheat,No lactose,No artificials,Kosher,No added sugars,Paleo-friendly,Vegan-friendly,Vegetarian-friendly,Whole30-friendly",Add to Cart; Find in Store,4.8,43,,1
Walmart Canada,Drinks,Coffee,walmart.ca,https://www.walmart.ca/en/ip/melita-estate-whole-bean-dark-roast-coffee/6000188760425,,907 g,Walmart.ca > Household Supplies & Pantry > Drinks > Coffee > Coffee Beans,Melitta,Melita Estate Whole Bean Dark Roast Coffee,SKU:6000188760426,UPC:5543760787,ID:6000188760425,Walmart Item #:30629381,$15.97,,,,$1.76/100GR,"When you're craving a deep intense flavoured coffee, turn to Melitta® Dark Roast. It's enticing aroma and taste will soothe your mind. Deep Intense Flavor with a Velvety Finish. Superbly Balanced. Never Bitter.
Join the pursuit for better coffee",,"[{""Flavour"":""French roast""},{""Product Type"":""Dark Roast""},{""Decaffeinated"":""No""},{""Singleserve"":""No""},{""Storage Type"":""Shelf""},{""Clearout Deal"":""No""},{""Lifestyle\/Dietary Need"":""No egg,No fish,No mustard,No sesame,No shellfish,No soy,No sulfite,No wheat,Kosher,No added sugars,Vegetarian-friendly""}]",https://i5.walmartimages.ca/images/Enlarge/607/872/999999-55437607872.jpg | https://i5.walmartimages.ca/images/Enlarge/787/2_1/999999-55437607872_1.jpg | https://i5.walmartimages.ca/images/Enlarge/787/2_2/999999-55437607872_2.jpg | https://i5.walmartimages.ca/images/Enlarge/787/2_3/999999-55437607872_3.jpg | https://i5.walmartimages.ca/images/Enlarge/787/2_4/999999-55437607872_4.jpg | https://i5.walmartimages.ca/images/Enlarge/787/2_5/999999-55437607872_5.jpg | https://i5.walmartimages.ca/images/Enlarge/787/2_6/999999-55437607872_6.jpg | https://i5.walmartimages.ca/images/Enlarge/787/2_7/999999-55437607872_7.jpg,8,Sold by Walmart,"Espresso/Colombian/Dark: 100% Arabica Coffee French Vanilla / Hazelnut Crème: 100% Arabica Coffee, Artificial Flavours, Natural Flavors.","No egg,No fish,No mustard,No sesame,No shellfish,No soy,No sulfite,No wheat,Kosher,No added sugars,Vegetarian-friendly",Add to Cart; Find in Store,4.3,8,,1
Walmart Canada,Drinks,Coffee,walmart.ca,https://www.walmart.ca/en/ip/tim-hortons-original-blend-medium-roast-coffee/6000194579287,,Pack of 12,Walmart.ca > Household Supplies & Pantry > Drinks > Coffee > Ground Coffee,Tim Hortons,Tim Hortons Original Blend Medium Roast Coffee,SKU:6000194579288,UPC:6320908388,ID:6000194579287,Walmart Item #:31167234,$9.98,,,,$7.92/100GR,"Since 1964, we have been committed to serving a great cup of coffee. The signature flavour in every cup of Tim Hortons Premium Blend Coffee is created using our own unique blend of 100% Arabica beans. Selected from the world's most renowned coffee growing regions, our beans are expertly blended and roasted with care to deliver that consistent Tim Hortons taste every time. Our premium blend of 100% Arabica beans delicately roasted for a nicely balanced cup of coffee.","DIRECTIONS:
• For best results, we recommend using your brewer's 8 oz brew setting
• For optimal freshness, store away from heat and cold.","[{""Flavour"":""Other""},{""Product Type"":""Medium Roast""},{""Decaffeinated"":""No""},{""Singleserve"":""No""},{""Storage Type"":""Shelf""},{""Clearout Deal"":""No""},{""Lifestyle\/Dietary Need"":""No egg,No fish,No milk,No mustard,No sesame,No shellfish,No soy,No sulfite,No wheat,No lactose,No artificials,No added sugars,Paleo-friendly,Vegan-friendly,Vegetarian-friendly,Whole30-friendly""}]",https://i5.walmartimages.ca/images/Enlarge/081/082/6000201081082.jpg | https://i5.walmartimages.ca/images/Enlarge/558/835/6000199558835.jpg | https://i5.walmartimages.ca/images/Enlarge/558/836/6000199558836.jpg,3,Sold by Walmart,Arabica coffee,"No egg,No fish,No milk,No mustard,No sesame,No shellfish,No soy,No sulfite,No wheat,No lactose,No artificials,No added sugars,Paleo-friendly,Vegan-friendly,Vegetarian-friendly,Whole30-friendly",Add to Cart; Find in Store,4.6,1016,,
Walmart Canada,Drinks,Coffee,walmart.ca,https://www.walmart.ca/en/ip/tim-hortons-dark-roast-fine-grind-coffee/6000196577001,,875 g,Walmart.ca > Household Supplies & Pantry > Drinks > Coffee > Ground Coffee,Tim Hortons,Tim Hortons Dark Roast Fine Grind Coffee,SKU:6000196577002,UPC:6320909122,ID:6000196577001,Walmart Item #:30404337,$16.94,,,,$1.94/100GR,Roasted with care. Tim Hortons Dark Roast Coffee is made with 100% Arabica beans selected from the world’s most renowned coffee growing regions. This premium blend coffee is roasted with care to deliver a rich & full flavored dark roast coffee. With a smooth finish.,,"[{""Product Type"":""Dark Roast""},{""Decaffeinated"":""No""},{""Singleserve"":""No""},{""Storage Type"":""Shelf""},{""Clearout Deal"":""No""},{""Lifestyle\/Dietary Need"":""No egg,No fish,No milk,No mustard,No sesame,No shellfish,No soy,No sulfite,No wheat,No lactose,No artificials,No added sugars,Paleo-friendly,Vegan-friendly,Vegetarian-friendly,Whole30-friendly""}]",https://i5.walmartimages.ca/images/Enlarge/079/031/6000201079031.jpg,1,Sold by Walmart,Arabica coffee.,"No egg,No fish,No milk,No mustard,No sesame,No shellfish,No soy,No sulfite,No wheat,No lactose,No artificials,No added sugars,Paleo-friendly,Vegan-friendly,Vegetarian-friendly,Whole30-friendly",Add to Cart; Find in Store,4.4,7,,
Walmart Canada,Drinks,Coffee,walmart.ca,https://www.walmart.ca/en/ip/hills-bros-cappuccino-sugar-free-french-vanilla-drink-mix/6000188762922,,340 g,Walmart.ca > Household Supplies & Pantry > Drinks > Coffee > Ground Coffee,Hills Bros. Cappuccino,Hills Bros Cappuccino Sugar Free French Vanilla Drink Mix,SKU:6000188762923,UPC:1840031375,ID:6000188762922,Walmart Item #:9227442,$4.27,,,,$1.26/100GR,"Hills Bros Cappuccino Sugar Free French Vanilla drink mix is a delicious, creamy vanilla cappuccino without the sugar. Sweetened with Splenda.",,"[{""Product Type"":""Flavoured""},{""Decaffeinated"":""No""},{""Singleserve"":""No""},{""Storage Type"":""Shelf""},{""Clearout Deal"":""No""},{""Lifestyle\/Dietary Need"":""""}]",https://i5.walmartimages.ca/images/Enlarge/313/750/999999-18400313750.jpg | https://i5.walmartimages.ca/images/Enlarge/50_/nft/18400313750_NFT.jpg | https://i5.walmartimages.ca/images/Enlarge/50_/nft/18400313750_NFT.jpg,3,Sold by Walmart,"Maltodextrine, creamer {partially hydrogenated coconut oil, corn syrup solids, sodium caseinate (milk derivative), dipotassium phosphate, mono-and diglycerides, silicon dioxide, sodium, soy lecithin}, instant coffee, natual and artificial flavor, cocoa (processed with alkali), cellulose gum, sodium aluminosilicate (to prevent caking), salt, acesulfame potassium, sucra-lose (splenda brand). contains: milk, soy.",,Add to Cart; Find in Store,3.8,11,,1
Walmart Canada,Drinks,Coffee,walmart.ca,https://www.walmart.ca/en/ip/our-finest-100-flavoured-collection-keurig-recyclable-k-cup-pod/6000199970059,,30 K-Cup® pods,Walmart.ca > Household Supplies & Pantry > Drinks > Coffee > Coffee Pods,Our Finest,Our Finest 100% Flavoured Collection Keurig® Recyclable K-Cup® Pod,SKU:6000199970060,UPC:62891583067,ID:6000199970059,Walmart Item #:31691622,$13.97,,,,,"There’s no need to choose a favourite flavor with Our Finest™ K-Cup® pods Flavoured Variety Collection. Each carton includes 10 K-Cup® pods each of Our Finest™ French Vanilla, Roasted Hazelnut and Salted Caramel naturally flavoured coffees. Made from 100% Arabica beans, every cup is perfectly exquisite and made to savour.",,"[{""Product Type"":""Pods""},{""Decaffeinated"":""No""},{""Storage Type"":""Shelf""},{""Walmart Exclusive"":""Yes""},{""Lifestyle\/Dietary Need"":""""}]",https://i5.walmartimages.ca/images/Enlarge/714/381/6000200714381.jpg,1,Sold by Walmart,Coffee,,Add to Cart; Find in Store,5,3,,
Walmart Canada,Drinks,Coffee,walmart.ca,https://www.walmart.ca/en/ip/van-houtte-original-house-blend-medium-roast-ground-coffee/6000196608106,,908 g,Walmart.ca > Household Supplies & Pantry > Drinks > Coffee > Ground Coffee,Van Houtte,Van Houtte® Original House Blend Medium Roast Ground Coffee,SKU:6000196608107,UPC:6215159301,ID:6000196608106,Walmart Item #:30409762,$15.77,,,,$1.74/100GR,"True to our founder's original recipe, this after-roast blend offers the fleeting acidity of a light coffee with just a hint of spice and woodsy notes found in dark roasted coffee.",,"[{""Product Type"":""Medium Roast""},{""Decaffeinated"":""No""},{""Singleserve"":""No""},{""Storage Type"":""Shelf""},{""Clearout Deal"":""No""},{""Lifestyle\/Dietary Need"":""No egg,No fish,No milk,No mustard,No sesame,No shellfish,No soy,No sulfite,No wheat,No lactose,No artificials,No added sugars,Paleo-friendly,Vegan-friendly,Vegetarian-friendly,Whole30-friendly""}]",https://i5.walmartimages.ca/images/Enlarge/466/608/6000198466608.jpg | https://i5.walmartimages.ca/images/Enlarge/466/615/6000198466615.jpg,2,Sold by Walmart,coffee.,"No egg,No fish,No milk,No mustard,No sesame,No shellfish,No soy,No sulfite,No wheat,No lactose,No artificials,No added sugars,Paleo-friendly,Vegan-friendly,Vegetarian-friendly,Whole30-friendly",Add to Cart; Find in Store,4.8,9,,2
Walmart Canada,Drinks,Coffee,walmart.ca,https://www.walmart.ca/en/ip/great-value-light-roast-keurig-recyclable-k-cup-pod/6000201194915,,48 count,Walmart.ca > Household Supplies & Pantry > Drinks > Coffee > Coffee Pods,Great Value,Great Value™ Light Roast Keurig® Recyclable K-Cup® Pod,SKU:6000201194916,UPC:62773501241,ID:6000201194915,Walmart Item #:30533140,$16.94,,,,,"Start your morning off with a steaming cup of fresh coffee in just seconds when you use Great Value Light Roast Coffee K-Cups. Designed to brew 8 ounces of coffee with your Keurig coffee maker, these convenient little pods produce strong, aromatic coffee in a single-serving amount.",,"[{""Product Type"":""Light Roast""},{""Decaffeinated"":""No""},{""Storage Type"":""Shelf""},{""Walmart Exclusive"":""Yes""},{""Clearout Deal"":""No""},{""Lifestyle\/Dietary Need"":""No artificials,Kosher,No added sugars,Paleo-friendly,Vegan-friendly,Vegetarian-friendly,Whole30-friendly""}]",https://i5.walmartimages.ca/images/Enlarge/294/633/6000201294633.jpg | https://i5.walmartimages.ca/images/Enlarge/294/637/6000201294637.jpg,2,Sold by Walmart,Coffee,"No artificials,Kosher,No added sugars,Paleo-friendly,Vegan-friendly,Vegetarian-friendly,Whole30-friendly",Add to Cart; Find in Store,5,1,,
Walmart Canada,Drinks,Coffee,walmart.ca,https://www.walmart.ca/en/ip/nescaf-rich-colombian-instant-coffee-100-g/6000145830543,,100 GR,Walmart.ca > Household Supplies & Pantry > Drinks > Coffee > Instant Coffee,NESCAFÉ,NESCAFÉ® Rich Colombian Instant Coffee 100 g,SKU:10298601,UPC:5500048925,ID:6000145830543,Walmart Item #:30349764,$5.47,,,,$5.47/100GR,NESCAFÉ® Rich Colombian Instant Coffee (100 g) offers the rich taste of premium coffee. Made from 100% Colombian Arabica beans.,"• Instant coffee made only from 100% Colombian Arabica beans
• 100 g jar
• Makes over 50 cups of coffee
• Free of additives or preservatives
• For a deliciously rich cup of premium tasting coffee","[{""Flavour"":""Columbian""},{""Product Type"":""Other""},{""Decaffeinated"":""No""},{""Singleserve"":""No""},{""Storage Type"":""Shelf""},{""Clearout Deal"":""No""},{""Lifestyle\/Dietary Need"":""No egg,No fish,No milk,No mustard,No sesame,No shellfish,No soy,No sulfite,No wheat,No lactose,No artificials,No added sugars,Paleo-friendly,Vegan-friendly,Vegetarian-friendly,Whole30-friendly""}]",https://i5.walmartimages.ca/images/Enlarge/489/256/999999-55000489256.jpg | https://i5.walmartimages.ca/images/Enlarge/925/6_1/999999-55000489256_1.jpg | https://i5.walmartimages.ca/images/Enlarge/925/6_2/999999-55000489256_2.jpg | https://i5.walmartimages.ca/images/Enlarge/925/6_3/999999-55000489256_3.jpg | https://i5.walmartimages.ca/images/Enlarge/925/6_3/999999-55000489256_3.jpg,5,Sold by Walmart,100% PURE COFFEE,"No egg,No fish,No milk,No mustard,No sesame,No shellfish,No soy,No sulfite,No wheat,No lactose,No artificials,No added sugars,Paleo-friendly,Vegan-friendly,Vegetarian-friendly,Whole30-friendly",Add to Cart; Find in Store,4.3,28,,1
Walmart Canada,Drinks,Coffee,walmart.ca,https://www.walmart.ca/en/ip/maxwell-house-rich-dark-roast-150g-instant-coffee/6000197175643,,150G,Walmart.ca > Grocery > Drinks > Coffee > Instant Coffee,Maxwell House,Maxwell House Rich Dark Roast 150g Instant Coffee,SKU:6000197175644,UPC:6618800468,ID:6000197175643,Walmart Item #:30579497,$4.97,,,,$3.31/100GR,150 Gram Jar of Instant Coffee. 100% Pure Coffee. Maxwell House coffee is good to the last drop. Jar is recyclable where facilities exist. Every jar is roasted to perfection and perfect for life on the go.,"• 100% Pure Coffee
• Good to the last drop
• Container recyclable where facilities exist
• Resealable lid
• Perfectly roasted for a smooth, balanced taste","[{""Product Type"":""Instant""},{""Decaffeinated"":""No""},{""Singleserve"":""No""},{""Storage Type"":""Shelf""},{""Clearout Deal"":""No""},{""Lifestyle\/Dietary Need"":""No egg,No fish,No milk,No mustard,No sesame,No shellfish,No soy,No sulfite,No wheat,No lactose,No artificials,Kosher,No added sugars,Paleo-friendly,Vegan-friendly,Vegetarian-friendly,Whole30-friendly""}]",https://i5.walmartimages.ca/images/Enlarge/ngl/ish/999999-Dark Roast English.jpg,1,Sold by Walmart,INGREDIENTS: 100% PURE COFFEE.,"No egg,No fish,No milk,No mustard,No sesame,No shellfish,No soy,No sulfite,No wheat,No lactose,No artificials,Kosher,No added sugars,Paleo-friendly,Vegan-friendly,Vegetarian-friendly,Whole30-friendly",Add to Cart; Find in Store,4.8,20,,6
Walmart Canada,Drinks,Coffee,walmart.ca,https://www.walmart.ca/en/ip/tassimo-maxwell-house-house-blend-coffee-single-serve-t-discs/6000045061020,,16 T-Discs,Walmart.ca > Household Supplies & Pantry > Drinks > Coffee > Coffee Pods,Tassimo,Tassimo Maxwell House House Blend Coffee Single Serve T-Discs,SKU:10138927,UPC:6618898784,ID:6000045061020,Walmart Item #:9207946,$7.97,,,,$0.5/1EA,"A medium roast with a classic coffee flavour, these Tassimo Maxwell House House Blend Coffee T-Discs recall the good coffee enjoyed back in the day defined by a delightful and lively taste. When you or your guests want just a simple, great tasting cup of coffee, it's a good choice that's neither too strong nor too weak but always just right.","• One 126G bag of Tassimo Maxwell House House Blend Coffee T-Discs (16 t-discs)
• Each T-Disc makes one 8 fl oz/236 ml cup of coffee
• Medium roast coffee
• T-Discs compatible with Tassimo brewers","[{""Flavour"":""House blend""},{""Product Type"":""Pods""},{""Decaffeinated"":""No""},{""Singleserve"":""Yes""},{""Storage Type"":""Shelf""},{""Clearout Deal"":""No""},{""Lifestyle\/Dietary Need"":""No egg,No fish,No milk,No mustard,No sesame,No shellfish,No soy,No sulfite,No wheat,No lactose,No artificials,Kosher,No added sugars,Paleo-friendly,Vegan-friendly,Vegetarian-friendly,Whole30-friendly""}]",https://i5.walmartimages.ca/images/Enlarge/150/718/150718.jpg | https://i5.walmartimages.ca/images/Enlarge/285/747/6000200285747.jpg | https://i5.walmartimages.ca/images/Enlarge/285/645/6000200285645.jpg | https://i5.walmartimages.ca/images/Enlarge/285/672/6000200285672.jpg,4,Sold by Walmart,INGREDIENTS: 100% ARABICA COFFEE.,"No egg,No fish,No milk,No mustard,No sesame,No shellfish,No soy,No sulfite,No wheat,No lactose,No artificials,Kosher,No added sugars,Paleo-friendly,Vegan-friendly,Vegetarian-friendly,Whole30-friendly",Add to Cart; Find in Store,4.4,310,,8
Walmart Canada,Drinks,Coffee,walmart.ca,https://www.walmart.ca/en/ip/starbucks-breakfast-blend-ground-coffee-340g/6000192173583,,,Walmart.ca > Household Supplies & Pantry > Drinks > Coffee > Ground Coffee,Starbucks,Starbucks® Breakfast Blend Ground Coffee 340g,SKU:6000192173584,UPC:76211100834,ID:6000192173583,Walmart Item #:31028137,$11.67,,,,$3.43/100GR,"We introduced this blend in 1998 for those who prefer a milder cup. A shade lighter than most of our offerings – more toasty than roasty – it’s perfect if you want to wake up to a less intense coffee but still want a lot of character. Breakfast Blend is lively with a citrusy tang that gives way to a clean finish. Try it with apples, blueberries, or lemon.Made with the same high-quality 100% arabica beans we use in our cafés and grinded to a universal blend, this coffee is perfect to use in any drip machine, pour over or French press.","- Bright & Tangy
- 100% Arabica Coffee
- Use cold, filtered water. Add 10g of coffee to 180ml of water.","[{""Flavour"":""Other""},{""Product Type"":""Medium Roast""},{""Decaffeinated"":""No""},{""Singleserve"":""No""},{""Storage Type"":""Shelf""},{""Clearout Deal"":""No""},{""Lifestyle\/Dietary Need"":""No egg,No fish,No milk,No mustard,No sesame,No shellfish,No soy,No sulfite,No wheat,No lactose,No artificials,No added sugars,Paleo-friendly,Vegan-friendly,Vegetarian-friendly,Whole30-friendly""}]",https://i5.walmartimages.ca/images/Enlarge/008/343/999999-762111008343.jpg | https://i5.walmartimages.ca/images/Enlarge/850/508/6000197850508.jpg | https://i5.walmartimages.ca/images/Enlarge/850/497/6000197850497.jpg,3,Sold by Walmart,GROUND 100% ARABICA COFFEE,"No egg,No fish,No milk,No mustard,No sesame,No shellfish,No soy,No sulfite,No wheat,No lactose,No artificials,No added sugars,Paleo-friendly,Vegan-friendly,Vegetarian-friendly,Whole30-friendly",Add to Cart; Find in Store,4.6,294,,
Walmart Canada,Drinks,Coffee,walmart.ca,https://www.walmart.ca/en/ip/kicking-horse-coffee-three-sisters-medium-roast-whole-bean/6000196210618,,454 g - Whole Bean Coffee,Walmart.ca > Household Supplies & Pantry > Drinks > Coffee > Coffee Beans,Kicking Horse® Coffee,"Kicking Horse Coffee - Three Sisters - Medium Roast, Whole Bean",SKU:6000196210619,UPC:62907050008,ID:6000196210618,Walmart Item #:30413379,$15.77,,,,$3.47/100GR,"The Three Sisters are a trio of towering Canadian Rocky Mountains. We pay homage to these powerful peaks with a triple punch of light, medium and dark roasts. Great taste hits new heights!","• Medium Roast, Whole Bean Coffee
• Smooth, Savoury, Seductive
• Origin: Indonesia, Central & South America
• Aroma: Sweet dried fruit, toasted coconut, and chocolate malt
• Tasting Notes: Well-rounded and complex with notes of sweet tobacco, stone fruit and cocoa
• 100% Arabica Beans
• Certified Fairtrade, Organic, Kosher
• Roasted in the Canadian Rocky Mountains
• Recommended Brew Methods: French press (coarse grind), Drip machine (medium grind), Pour over (medium-fine grind), Espresso (fine grind)","[{""Product Type"":""Medium Roast""},{""Decaffeinated"":""No""},{""Singleserve"":""No""},{""Storage Type"":""Shelf""},{""Clearout Deal"":""No""},{""Lifestyle\/Dietary Need"":""Organic,Kosher,Fair Trade""}]",https://i5.walmartimages.ca/images/Enlarge/500/083/999999-629070500083.jpg,1,Sold by Walmart,"100% certified Organic, Fairtrade, shade-grown Arabica, Canadian Rocky Mountain-roasted coffee","Organic,Kosher,Fair Trade",Add to Cart; Find in Store,4.8,36,,
Walmart Canada,Drinks,Coffee,walmart.ca,https://www.walmart.ca/en/ip/keurig-van-houtte-colombian-medium-roast-recyclable-k-cup-pods/6000197853038,,12 K-Cup® Pods,Walmart.ca > Household Supplies & Pantry > Drinks > Coffee > Coffee Pods,Van Houtte,Keurig® Van Houtte® Colombian Medium Roast Recyclable K-Cup® PODS,SKU:6000197853039,UPC:6215163790,ID:6000197853038,Walmart Item #:30469256,$8.97,,,,$0.75/1EA,"Colombian is the gold standard by which coffee lovers measure every cup. And this one is true to its name, offering a smooth yet deliciously lively flavour with subtle hints of fruity wine.",,"[{""Product Type"":""Medium Roast""},{""Decaffeinated"":""No""},{""Singleserve"":""No""},{""Franchise"":""Van Houtte""},{""Storage Type"":""Shelf""},{""Clearout Deal"":""No""},{""Lifestyle\/Dietary Need"":""No egg,No fish,No milk,No mustard,No sesame,No shellfish,No soy,No sulfite,No wheat,No lactose,No artificials,Kosher,No added sugars,Paleo-friendly,Vegan-friendly,Vegetarian-friendly,Whole30-friendly""}]",https://i5.walmartimages.ca/images/Enlarge/356/021/6000199356021.jpg | https://i5.walmartimages.ca/images/Enlarge/465/289/6000198465289.jpg | https://i5.walmartimages.ca/images/Enlarge/465/290/6000198465290.jpg,3,Sold by Walmart,Arabica coffee,"No egg,No fish,No milk,No mustard,No sesame,No shellfish,No soy,No sulfite,No wheat,No lactose,No artificials,Kosher,No added sugars,Paleo-friendly,Vegan-friendly,Vegetarian-friendly,Whole30-friendly",Add to Cart; Find in Store,4.8,91,,
Walmart Canada,Drinks,Coffee,walmart.ca,https://www.walmart.ca/en/ip/starbucks-true-north-blend-blonde-roast-ground-coffee-k-cup-pods-10-ct-box/6000196674361,,10 EA,Walmart.ca > Household Supplies & Pantry > Drinks > Coffee > Coffee Pods,Starbucks,STARBUCKS® True North Blend® Blonde® Roast Ground Coffee K-Cup® Pods 10 ct Box,SKU:6000196674362,UPC:76211190473,ID:6000196674361,Walmart Item #:30521747,$11.67,,,,$1.17/1EA,"Forty years of coffee-roasting expertise inspired our master roasters to perfect Starbucks® Blonde roast – a lighter, gentler take on the Starbucks® Roast. Roasting this blend of specially chosen Latin American beans for a shorter time allows the delicate nuances of soft cocoa and lightly toasted nuts to blossom. Flavorful without being overly bold, this coffee brews a delightfully gracious cup that’s perfect for welcoming friends or greeting a new day. True North Blend™ is wonderful paired with chocolate chip cookies or pecan rolls. Designed for use with the Keurig® Single Cup Brewing System to provide a premium brewed coffee experience in less than a minute – without the mess.","• 100% Arabica Coffee
• Mellow & Soft
• Growing Region of Latin America
• Blonde Roast","[{""Product Type"":""Light Roast""},{""Decaffeinated"":""No""},{""Singleserve"":""Yes""},{""Storage Type"":""Shelf""},{""Clearout Deal"":""No""},{""Lifestyle\/Dietary Need"":""No egg,No fish,No milk,No mustard,No sesame,No shellfish,No soy,No sulfite,No wheat,No lactose,No artificials,No added sugars,Paleo-friendly,Vegan-friendly,Vegetarian-friendly,Whole30-friendly""}]",https://i5.walmartimages.ca/images/Enlarge/105/801/6000199105801.jpg | https://i5.walmartimages.ca/images/Enlarge/105/806/6000199105806.jpg | https://i5.walmartimages.ca/images/Enlarge/105/807/6000199105807.jpg | https://i5.walmartimages.ca/images/Enlarge/401/836/6000202401836.jpg | https://i5.walmartimages.ca/images/Enlarge/401/844/6000202401844.jpg | https://i5.walmartimages.ca/images/Enlarge/928/657/6000203928657.jpg | https://i5.walmartimages.ca/images/Enlarge/928/664/6000203928664.jpg | https://i5.walmartimages.ca/images/Enlarge/105/804/6000199105804.jpg,8,Sold by Walmart,100% arabica coffee.,"No egg,No fish,No milk,No mustard,No sesame,No shellfish,No soy,No sulfite,No wheat,No lactose,No artificials,No added sugars,Paleo-friendly,Vegan-friendly,Vegetarian-friendly,Whole30-friendly",Add to Cart; Find in Store,5,3,,
Walmart Canada,Drinks,Coffee,walmart.ca,https://www.walmart.ca/en/ip/hills-bros-cappuccino-english-toffee-drink-mix/6000188761490,,453 g,Walmart.ca > Household Supplies & Pantry > Drinks > Coffee > Instant Coffee,Hills Bros. Cappuccino,Hills Bros Cappuccino English Toffee Drink Mix,SKU:6000188761491,UPC:1840031348,ID:6000188761490,Walmart Item #:9252221,$4.27,,,,$0.94/100GR,"Hills Bros Cappuccino has been rumored to be the Queen’s favorite. Hill’s Bros English Toffee Cappuccino has a caramelized buttery, nutty taste with a hint of coffee. It’s a crown jewel.",,"[{""Product Type"":""Flavoured""},{""Decaffeinated"":""No""},{""Singleserve"":""No""},{""Storage Type"":""Shelf""},{""Clearout Deal"":""No""},{""Lifestyle\/Dietary Need"":""No egg,No fish,No sesame,No shellfish,No sulfite,No wheat,Kosher,Vegetarian-friendly""}]",https://i5.walmartimages.ca/images/Enlarge/313/484/999999-18400313484.jpg | https://i5.walmartimages.ca/images/Enlarge/84_/nft/18400313484_NFT.jpg | https://i5.walmartimages.ca/images/Enlarge/84_/nft/18400313484_NFT.jpg,3,Sold by Walmart,"SUGAR, CREAMER (PARTIALLY HYDROGENATED COCONUT, CANOLA, AND SOYBEAN OILS, CORN SYRUP SOLIDS, SODIUM CASEINATE [A MILK DERIVATIVE], SUGAR, WHEY MALTODEXTRIN, DIPOTASSIUM PHOSPHATE, MONO-AND DIGLYCERIDES, SODIUM SILICOALUMINATE, SODIUM STEAROYL LACTYLATE, SOY LECITHIN, ARTIFICIAL FLAVOR, ANNATTO AND TURMERIC), NONFAT DRY MILK, INSTANT COFFEE, SWEET DAIRY WHEY, ARTIFICIAL FLAVOR, CORN SYRUP SOLIDS, COCOA (PROCESSED WITH ALKALI), SODIUM ALUMINOSILICATE (TO PREVENT CAKING), CELLULOSE GUM, SALT. CONTAINS: MILK, SOY","No egg,No fish,No sesame,No shellfish,No sulfite,No wheat,Kosher,Vegetarian-friendly",Add to Cart; Find in Store,4.9,9,,
Walmart Canada,Drinks,Coffee,walmart.ca,https://www.walmart.ca/en/ip/great-value-coffee-whitener/6000188766553,,1 kg,Walmart.ca > Household Supplies & Pantry > Drinks > Coffee > Coffee Whiteners,Great Value,Great Value Coffee Whitener,SKU:6000188766554,UPC:62891508475,ID:6000188766553,Walmart Item #:30934697,$5.27,,,,$0.01/1GR,"Great Value Coffee Whitener 1 kg, use 1 to 2 teaspoons per cup.",,"[{""Singleserve"":""No""},{""Walmart Exclusive"":""Yes""},{""Clearout Deal"":""No""},{""Lifestyle\/Dietary Need"":""Kosher,Vegetarian-friendly""}]",https://i5.walmartimages.ca/images/Enlarge/847/5_1/999999-62891508475_1.jpg | https://i5.walmartimages.ca/images/Enlarge/847/5_2/999999-62891508475_2.jpg,2,Sold by Walmart,,"Kosher,Vegetarian-friendly",Add to Cart; Find in Store,4.8,8,,3
Walmart Canada,Drinks,Coffee,walmart.ca,https://www.walmart.ca/en/ip/mr-brown-canned-cappuccino-iced-coffee/6000188761274,,240 ml,Walmart.ca > Household Supplies & Pantry > Drinks > Coffee > Instant Coffee,Mr. Brown,Mr. Brown Canned Cappuccino Iced Coffee,SKU:6000188761275,UPC:2561604214,ID:6000188761274,Walmart Item #:9240237,$1.17,,,,$0.49/100ML,"Mr. Brown's coffee brews have a rich, deep flavour consistent with that of a medium roast. With sugar and milk already added, this coffee can be enjoyed at any time.",,"[{""Product Type"":""Medium Roast""},{""Decaffeinated"":""No""},{""Singleserve"":""Yes""},{""International Foods"":""Chinese""},{""Clearout Deal"":""No""},{""Lifestyle\/Dietary Need"":""No egg,No fish,No mustard,No sesame,No shellfish,No sulfite,No wheat,Vegetarian-friendly""}]",https://i5.walmartimages.ca/images/Enlarge/042/145/999999-25616042145.jpg | https://i5.walmartimages.ca/images/Enlarge/45_/nft/25616042145_NFT.jpg | https://i5.walmartimages.ca/images/Enlarge/45_/nft/25616042145_NFT.jpg,3,Sold by Walmart,"water, coffee extract, sugar, milk powder, soy lecithin(E322), flavor, carrageenan(E407), chocolate.","No egg,No fish,No mustard,No sesame,No shellfish,No sulfite,No wheat,Vegetarian-friendly",Add to Cart; Find in Store,3.7,3,,
Walmart Canada,Drinks,Coffee,walmart.ca,https://www.walmart.ca/en/ip/maxwell-house-cafe-french-vanilla-flavoured-instant-coffee-beverage-mix/6000156123574,,240g,Walmart.ca > Household Supplies & Pantry > Drinks > Coffee > Instant Coffee,Maxwell House,Maxwell House Cafe French Vanilla Flavoured Instant Coffee Beverage Mix,SKU:10306641,UPC:6810000009,ID:6000156123574,Walmart Item #:30184341,$3.97,,,,$1.75/100GR,"Maxwell House Café French Vanilla Flavoured Instant Coffee beverage has a consistent signature taste that is good to the last drop. Our smooth, creamy vanilla flavour, inspired by the rich, taste of vanilla beans, is the perfect start to your day. Maxwell House Café is made for life on the go. Savour your mornings with Maxwell House French Vanilla Coffee beverage.","•One 240g tub of Maxwell House Café French Vanilla Flavoured Instant Coffee Beverage Mix
•Brew an instant cup or use as a creamer
•Instant coffee beverage mix made for life on the go
•Good to the last drop
•Container is recyclable where facilities exist","[{""Flavour"":""French vanilla""},{""Product Type"":""Instant""},{""Decaffeinated"":""No""},{""Singleserve"":""No""},{""Storage Type"":""Shelf""},{""Clearout Deal"":""No""},{""Lifestyle\/Dietary Need"":""No egg,No fish,No mustard,No sesame,No shellfish,No soy,No sulfite,No wheat,Kosher,Vegetarian-friendly""}]",https://i5.walmartimages.ca/images/Enlarge/873/917/873917.jpg | https://i5.walmartimages.ca/images/Enlarge/552/630/6000200552630.jpg | https://i5.walmartimages.ca/images/Enlarge/552/631/6000200552631.jpg,3,Sold by Walmart,"INGREDIENTS: SUGAR, CORN SYRUP SOLIDS, HYDROGENATED COCONUT OIL, INSTANT COFFEE, MODIFIED MILK INGREDIENTS, SODIUM CITRATE, DIPOTASSIUM PHOSPHATE, MONO- AND DIGLYCERIDES, SILICON DIOXIDE, SODIUM ALUMINOSILICATE, ARTIFICIAL AND NATURAL FLAVOUR.  (C015H)","No egg,No fish,No mustard,No sesame,No shellfish,No soy,No sulfite,No wheat,Kosher,Vegetarian-friendly",Add to Cart; Find in Store,4.6,449,,6
Walmart Canada,Drinks,Coffee,walmart.ca,https://www.walmart.ca/en/ip/tim-hortons-hazelnut-light-medium-roast-coffee/6000196700132,,300 g,Walmart.ca > Household Supplies & Pantry > Drinks > Coffee > Ground Coffee,Tim Hortons,Tim Hortons Hazelnut Light Medium Roast Coffee,SKU:6000196700133,UPC:6320909595,ID:6000196700132,Walmart Item #:30255974,$7.84,,,,$2.61/100GR,Roasted with care. Tim Hortons Hazelnut Coffee is created from our own unique blend of 100% Arabica beans and a hint of buttery hazelnut flavor. This premium coffee is blended and roasted with care to deliver the consistent taste of Tim Hortons with a balanced sweetness and smooth finish every time.,,"[{""Product Type"":""Medium Roast""},{""Decaffeinated"":""No""},{""Singleserve"":""No""},{""Storage Type"":""Shelf""},{""Clearout Deal"":""No""},{""Lifestyle\/Dietary Need"":""No egg,No fish,No milk,No mustard,No sesame,No shellfish,No soy,No sulfite,No wheat,No lactose,No added sugars,Vegan-friendly,Vegetarian-friendly""}]",https://i5.walmartimages.ca/images/Enlarge/078/808/6000201078808.jpg,1,Sold by Walmart,"Arabica coffee, Natural and artificial flavours.","No egg,No fish,No milk,No mustard,No sesame,No shellfish,No soy,No sulfite,No wheat,No lactose,No added sugars,Vegan-friendly,Vegetarian-friendly",Add to Cart; Find in Store,4.3,4,,
Walmart Canada,Drinks,Coffee,walmart.ca,https://www.walmart.ca/en/ip/folgers-vanilla-biscotti-k-cup-coffee-pods-30-count/6000194641125,,"30 K-Cups, 270 g",Walmart.ca > Household Supplies & Pantry > Drinks > Coffee > Coffee Pods,Folgers,Folgers Vanilla Biscotti K-Cup Coffee Pods 30 Count,SKU:6000194641126,UPC:2550020607,ID:6000194641125,Walmart Item #:31167307,$16.47,,,,$0.55/1EA,"Folgers Vanilla Biscotti K-Cup pods are made of the world's richest coffee beans, roasted to perfection and subtly infused with a smooth vanilla flavour. Certified for Keurig K-Cup coffee brewers. Folgers is an iconic brand that has been brewing great-tasting coffee for over 165 years. Savour the fresh aroma of a perfectly brewed cup of Folgers Coffee.","• Light roast coffee subtly infused with a smooth vanilla flavour 
• Made with 100% Arabica coffee beans
• Large count value size 
• Now in recyclable Keurig K-Cup pods!
• Folgers is an iconic coffee brand that has been brewing great-tasting coffee for over 165 years","[{""Flavour"":""French vanilla""},{""Product Type"":""Flavoured""},{""Decaffeinated"":""No""},{""Singleserve"":""No""},{""Storage Type"":""Shelf""},{""Clearout Deal"":""No""},{""Lifestyle\/Dietary Need"":""No egg,No fish,No milk,No mustard,No sesame,No shellfish,No soy,No sulfite,No wheat,No lactose,Kosher,No added sugars,Vegan-friendly,Vegetarian-friendly""}]",https://i5.walmartimages.ca/images/Enlarge/023/763/6000203023763.jpg | https://i5.walmartimages.ca/images/Enlarge/023/678/6000203023678.jpg | https://i5.walmartimages.ca/images/Enlarge/588/144/6000201588144.jpg | https://i5.walmartimages.ca/images/Enlarge/588/145/6000201588145.jpg | https://i5.walmartimages.ca/images/Enlarge/588/146/6000201588146.jpg,5,Sold by Walmart,"Coffee, Natural and artificial flavour.","No egg,No fish,No milk,No mustard,No sesame,No shellfish,No soy,No sulfite,No wheat,No lactose,Kosher,No added sugars,Vegan-friendly,Vegetarian-friendly",Add to Cart; Find in Store,4.6,91,,
Walmart Canada,Drinks,Coffee,walmart.ca,https://www.walmart.ca/en/ip/folgers-morning-caf-k-cup-coffee-pods-30-count/6000195936811,,"30 K-Cup Pods, 240 g",Walmart.ca > Household Supplies & Pantry > Drinks > Coffee > Coffee Pods,Folgers,Folgers Morning Café K-Cup Coffee Pods 30 Count,SKU:6000195936812,UPC:2550020638,ID:6000195936811,Walmart Item #:31256714,$16.47,,,,$0.55/1EA,"Wake up to a mild roast coffee with a bright, smooth finish. Morning Café K-Cup pods are ready to enjoy in under a minute. Certified for Keurig K-Cup coffee brewers. Folgers is an iconic brand that has been brewing great-tasting coffee for over 165 years. Savour the fresh aroma of a perfectly brewed cup of Folgers Coffee.","• Light roast coffee blend with a bright, smooth finish. 
• Made from Pure 100% Coffee 
• Large count value size 
• Now in recyclable Keurig K-Cup pods!
•Folgers is an iconic coffee brand that has been brewing great-tasting coffee for over 165 years","[{""Flavour"":""Columbian""},{""Product Type"":""Light Roast""},{""Decaffeinated"":""No""},{""Singleserve"":""No""},{""Storage Type"":""Shelf""},{""Clearout Deal"":""No""},{""Lifestyle\/Dietary Need"":""No egg,No fish,No milk,No mustard,No sesame,No shellfish,No soy,No sulfite,No wheat,No lactose,No artificials,Kosher,No added sugars,Paleo-friendly,Vegan-friendly,Vegetarian-friendly,Whole30-friendly""}]",https://i5.walmartimages.ca/images/Enlarge/023/927/6000203023927.jpg | https://i5.walmartimages.ca/images/Enlarge/023/935/6000203023935.jpg | https://i5.walmartimages.ca/images/Enlarge/588/127/6000201588127.jpg | https://i5.walmartimages.ca/images/Enlarge/588/129/6000201588129.jpg | https://i5.walmartimages.ca/images/Enlarge/588/131/6000201588131.jpg,5,Sold by Walmart,COFFEE.,"No egg,No fish,No milk,No mustard,No sesame,No shellfish,No soy,No sulfite,No wheat,No lactose,No artificials,Kosher,No added sugars,Paleo-friendly,Vegan-friendly,Vegetarian-friendly,Whole30-friendly",Add to Cart; Find in Store,4.1,25,,
Walmart Canada,Drinks,Coffee,walmart.ca,https://www.walmart.ca/en/ip/folgers-mountain-roast-ground-coffee-975g/6000016947644,,975 g,Walmart.ca > Household Supplies & Pantry > Drinks > Coffee > Ground Coffee,Folgers,Folgers Mountain Roast Ground Coffee 975g,SKU:205596,UPC:2550010250,ID:6000016947644,Walmart Item #:9215759,$8.97,,,,$0.92/100GR,"Start your mornings with the smooth taste and eye-opening aroma of Folgers Ground Coffees. Folgers Mountain Roast coffee is a light roast with a toasty finish, making each cup a great way to start your day. Folgers is an iconic brand that has been brewing great-tasting coffee for over 165 years. Savour the fresh aroma of a perfectly brewed cup of Folgers Coffee.","• Light roast blend with a warm and balanced taste.
• A mild coffee that is perfect for any time of day.
• Folgers is an iconic brand that has been brewing great-tasting coffee for over 165 years.
• Made from Pure 100% Coffee 
• Savour the fresh aroma of a perfectly brewed cup of Folgers Coffee","[{""Flavour"":""Columbian""},{""Product Type"":""Light Roast""},{""Decaffeinated"":""No""},{""Singleserve"":""No""},{""Storage Type"":""Shelf""},{""Clearout Deal"":""No""},{""Lifestyle\/Dietary Need"":""No egg,No fish,No milk,No mustard,No sesame,No shellfish,No soy,No sulfite,No wheat,No lactose,No artificials,Kosher,No added sugars,Paleo-friendly,Vegan-friendly,Vegetarian-friendly,Whole30-friendly""}]",https://i5.walmartimages.ca/images/Enlarge/617/041/6000197617041.jpg | https://i5.walmartimages.ca/images/Enlarge/595/760/6000198595760.jpg | https://i5.walmartimages.ca/images/Enlarge/609/652/6000197609652.jpg | https://i5.walmartimages.ca/images/Enlarge/609/576/6000197609576.jpg | https://i5.walmartimages.ca/images/Enlarge/595/772/6000198595772.jpg | https://i5.walmartimages.ca/images/Enlarge/595/773/6000198595773.jpg | https://i5.walmartimages.ca/images/Enlarge/595/774/6000198595774.jpg | https://i5.walmartimages.ca/images/Enlarge/595/775/6000198595775.jpg,8,Sold by Walmart,100% PURE COFFEE,"No egg,No fish,No milk,No mustard,No sesame,No shellfish,No soy,No sulfite,No wheat,No lactose,No artificials,Kosher,No added sugars,Paleo-friendly,Vegan-friendly,Vegetarian-friendly,Whole30-friendly",Add to Cart; Find in Store,4.7,21,,
Walmart Canada,Drinks,Coffee,walmart.ca,https://www.walmart.ca/en/ip/starbucks-pike-place-roast-medium-roast-ground-coffee-k-cup-pods-10-ct-box/6000196674370,,10 EA,Walmart.ca > Household Supplies & Pantry > Drinks > Coffee > Coffee Pods,Starbucks,STARBUCKS® Pike Place® Roast Medium Roast Ground Coffee K-Cup® Pods 10 ct Box,SKU:6000196674371,UPC:76211190468,ID:6000196674370,Walmart Item #:30521770,$11.67,,,,$1.17/1EA,"In 1971 we opened our first store in Seattle’s Pike Place Market. Reflecting on our heritage inspired us to create this delicious blend with smooth body and subtle flavours of cocoa and toasted nuts. Brewed fresh every day in our stores, it’s a rich, satisfying and balanced cup. Designed for use with the Keurig® Single Cup Brewing System to provide a premium brewed coffee experience in less than a minute—without the mess.","• 100% Arabica Coffee
• Smooth & Balanced
• Growing Region of Latin America
• Medium Roast","[{""Product Type"":""Medium Roast""},{""Decaffeinated"":""No""},{""Singleserve"":""Yes""},{""Storage Type"":""Shelf""},{""Clearout Deal"":""No""},{""Lifestyle\/Dietary Need"":""No egg,No fish,No milk,No mustard,No sesame,No shellfish,No soy,No sulfite,No wheat,No lactose,No artificials,No added sugars,Paleo-friendly,Vegan-friendly,Vegetarian-friendly,Whole30-friendly""}]",https://i5.walmartimages.ca/images/Enlarge/105/841/6000199105841.jpg | https://i5.walmartimages.ca/images/Enlarge/105/846/6000199105846.jpg | https://i5.walmartimages.ca/images/Enlarge/105/847/6000199105847.jpg | https://i5.walmartimages.ca/images/Enlarge/401/843/6000202401843.jpg | https://i5.walmartimages.ca/images/Enlarge/401/841/6000202401841.jpg | https://i5.walmartimages.ca/images/Enlarge/928/628/6000203928628.jpg | https://i5.walmartimages.ca/images/Enlarge/928/626/6000203928626.jpg | https://i5.walmartimages.ca/images/Enlarge/105/845/6000199105845.jpg,8,Sold by Walmart,100% arabica coffee.,"No egg,No fish,No milk,No mustard,No sesame,No shellfish,No soy,No sulfite,No wheat,No lactose,No artificials,No added sugars,Paleo-friendly,Vegan-friendly,Vegetarian-friendly,Whole30-friendly",Add to Cart; Find in Store,4.4,967,,
Walmart Canada,Drinks,Coffee,walmart.ca,https://www.walmart.ca/en/ip/nescaf-tasters-choice-decaffeinated-instant-coffee-100-g/6000145830593,,100 GR,Walmart.ca > Household Supplies & Pantry > Drinks > Coffee > Instant Coffee,NESCAFÉ,NESCAFÉ® TASTER’S CHOICE® Decaffeinated Instant Coffee 100 g,SKU:10298401,UPC:5500000256,ID:6000145830593,Walmart Item #:30623907,$6.97,,,,$6.97/100GR,"Get a perfectly rich, robust coffee in mere moments with NESCAFÉ® TASTER’S CHOICE® Decaffeinated Instant Coffee (100 g). We use the same carefully selected beans from around the world as our regular TASTER’S CHOICE®, just decaffeinated. It’s our passion to ensure a quality, well-rounded, and oh-so-satisfying smooth cup of coffee, every time.","• Instant coffee made from 100% pure, specially-selected coffee beans.
• We use the same, carefully-selected beans from around the world as our regular TASTER’S CHOICE®, just decaffeinated.
• We take the upmost care to ensure a deliciously well-rounded and oh-so-satisfying smooth coffee, every time.
• NESCAFÉ TASTER’S CHOICE® has 0 calories. It’s what you add that counts!
• We're investing in our factories to reduce energy use and waste as part of the NESCAFÉ Plan.","[{""Flavour"":""Other""},{""Product Type"":""Other""},{""Decaffeinated"":""Yes""},{""Singleserve"":""No""},{""Storage Type"":""Shelf""},{""Clearout Deal"":""No""},{""Lifestyle\/Dietary Need"":""No egg,No fish,No milk,No mustard,No sesame,No shellfish,No soy,No sulfite,No wheat,No lactose,No artificials,No added sugars,Paleo-friendly,Vegan-friendly,Vegetarian-friendly,Whole30-friendly""}]",https://i5.walmartimages.ca/images/Enlarge/002/561/999999-55000002561.jpg | https://i5.walmartimages.ca/images/Enlarge/256/1_1/999999-55000002561_1.jpg | https://i5.walmartimages.ca/images/Enlarge/256/1_2/999999-55000002561_2.jpg | https://i5.walmartimages.ca/images/Enlarge/926/275/6000203926275.jpg | https://i5.walmartimages.ca/images/Enlarge/196/980/6000199196980.jpg,5,Sold by Walmart,NATURALLY WATER DECAFFEINATED COFFEE,"No egg,No fish,No milk,No mustard,No sesame,No shellfish,No soy,No sulfite,No wheat,No lactose,No artificials,No added sugars,Paleo-friendly,Vegan-friendly,Vegetarian-friendly,Whole30-friendly",Add to Cart; Find in Store,4.6,11,,1
Walmart Canada,Drinks,Coffee,walmart.ca,https://www.walmart.ca/en/ip/starbucks-by-nespresso-blonde-espresso-roast-coffee-capsules/6000200972898,,10 Nespresso Coffee Pods,Walmart.ca > Grocery > Drinks > Coffee > Coffee Pods,Starbucks,Starbucks® by Nespresso® Blonde Espresso Roast Coffee Capsules,SKU:6000200972899,UPC:761303817623,ID:6000200972898,Walmart Item #:30118411,$8.97,,,,,"The same high-quality STARBUCKS® coffee that you know and love is now made by NESPRESSO® for you to enjoy at home. Starbucks® by Nespresso® Blonde Espresso Roast Coffee capsules are made from aluminum for guaranteed coffee freshness and easy recycling using NEPRESSO® recycling bags. Nearly five decades of sourcing, blending and roasting brought us here: a second espresso that’s boldly mellow. Soft and balanced, it highlights milk’s sweeter side, making classic espresso drinks extra smooth without a roasty edge.","• Developed for original line NESPRESSO® machines 
• STARBUCKS® Blonde is our lightest roast with mellow and approachable flavours 
• The intensity level of this coffee is 6 
• Delivers a softer, more balanced espresso taste with sweet, vibrant notes","[{""Product Type"":""Pods""},{""Decaffeinated"":""No""},{""Storage Type"":""Shelf""},{""Clearout Deal"":""No""},{""Lifestyle\/Dietary Need"":""""}]",https://i5.walmartimages.ca/images/Enlarge/273/988/6000201273988.jpg | https://i5.walmartimages.ca/images/Enlarge/927/799/6000203927799.jpg | https://i5.walmartimages.ca/images/Enlarge/927/711/6000203927711.jpg | https://i5.walmartimages.ca/images/Enlarge/927/708/6000203927708.jpg,4,Sold by Walmart,coffee,,Add to Cart; Find in Store,0,,,
Walmart Canada,Drinks,Coffee,walmart.ca,https://www.walmart.ca/en/ip/tim-hortons-fine-grind-decaffeinated-coffee/6000194640056,,300 g,Walmart.ca > Household Supplies & Pantry > Drinks > Coffee > Coffee Beans,Tim Hortons,Tim Hortons Fine Grind Decaffeinated Coffee,SKU:6000194640057,UPC:6320908392,ID:6000194640056,Walmart Item #:31167232,$7.78,,,,$2.59/100GR,"Since 1964, we have been committed to serving a great cup of coffee. The signature flavour in every cup of Tim Hortons Original Blend Coffee is created using our own unique blend of 100% Arabica beans. Selected from the world's most renowned coffee growing regions, our beans are expertly blended and roasted with care to deliver that consistent Tim Hortons taste every time. 100% Arabica beans, decaffeinated by the Swiss Water process® to preserve our signature flavour.","DIRECTIONS:
• For best results, measure two (2) level tablespoons of Tim Hortons coffee for every 250 mL (8 oz) of fresh cold water
• Water and coffee maker conditions may vary
• Adjust to taste
• Once opened seal tightly and store in a cool dry place
• For optimal freshness use within 2 weeks
• For use in automatic filter coffee makers","[{""Flavour"":""Other""},{""Product Type"":""Other""},{""Decaffeinated"":""Yes""},{""Singleserve"":""No""},{""Storage Type"":""Shelf""},{""Lifestyle\/Dietary Need"":""No egg,No fish,No milk,No mustard,No sesame,No shellfish,No soy,No sulfite,No wheat,No lactose,No artificials,No added sugars,Paleo-friendly,Vegan-friendly,Vegetarian-friendly,Whole30-friendly""}]",https://i5.walmartimages.ca/images/Enlarge/075/841/6000201075841.jpg,1,Sold by Walmart,Arabica coffee decaffeinated by the Swiss Water® process.,"No egg,No fish,No milk,No mustard,No sesame,No shellfish,No soy,No sulfite,No wheat,No lactose,No artificials,No added sugars,Paleo-friendly,Vegan-friendly,Vegetarian-friendly,Whole30-friendly",Add to Cart; Find in Store,4.6,16,,
Walmart Canada,Drinks,Coffee,walmart.ca,https://www.walmart.ca/en/ip/nescaf-sweet-and-creamy-mocha-instant-coffee-mix-18-pack-18-x-19-g/6000202651450,,18 x 19 G,Walmart.ca > Household Supplies & Pantry > Drinks > Coffee > Instant Coffee,NESCAFÉ,NESCAFÉ Sweet and Creamy Mocha Instant Coffee Mix 18-Pack (18 x 19 g),SKU:6000202651451,UPC:5500071062,ID:6000202651450,Walmart Item #:31138745,$5.97,,,,$597/100GR,"NESCAFÉ Sweet & Creamy Mocha Instant Coffee Mix (18 x 19 g) is a range of all-in-one coffees made in an instant, using our convenient single serve packets. Each NESCAFÉ Sweet & Creamy packet includes all the coffee, creamer, and sugar you need to create a delicious chocolate flavoured cup that you can have at home or when you're on the go. Crafted using medium-dark roasted coffee beans, each cup has a smooth and creamy coffee taste, with rich coffee aroma. NESCAFÉ Sweet & Creamy is simple to prepare, all you need to add is hot water. Also available in Original, French Vanilla, and Caramel flavours.","• Convenient All-In-One Solution: Sweet and Creamy is in a simple format that is quick and easy to make
• Incorporate Into Any Routine: Perfect pick me up at any point of the day, for at home or while on the go
• Consistent Taste: There is no guesswork in making a cup of Sweet and Creamy, resulting in the same chocolate flavour from cup to cup
• Committed to being Grown Respectfully: All coffee beans are responsibly sourced, and a part of sustainable farming practices
• Created by Coffee Experts: Nescafé is an expert in coffee innovations, and have used their knowledge to create a product that doesn't require sugar, coffee-creamer or coffee whitener","[{""Product Type"":""Instant""},{""Decaffeinated"":""No""},{""Singleserve"":""Yes""},{""Storage Type"":""Shelf""},{""Clearout Deal"":""No""},{""Lifestyle\/Dietary Need"":""""}]",https://i5.walmartimages.ca/images/Enlarge/661/793/6000202661793.jpg | https://i5.walmartimages.ca/images/Enlarge/661/784/6000202661784.jpg | https://i5.walmartimages.ca/images/Enlarge/661/791/6000202661791.jpg | https://i5.walmartimages.ca/images/Enlarge/661/795/6000202661795.jpg | https://i5.walmartimages.ca/images/Enlarge/230/651/6000203230651.jpg | https://i5.walmartimages.ca/images/Enlarge/230/659/6000203230659.jpg | https://i5.walmartimages.ca/images/Enlarge/230/658/6000203230658.jpg | https://i5.walmartimages.ca/images/Enlarge/230/657/6000203230657.jpg | https://i5.walmartimages.ca/images/Enlarge/678/221/6000202678221.jpg | https://i5.walmartimages.ca/images/Enlarge/230/650/6000203230650.jpg | https://i5.walmartimages.ca/images/Enlarge/230/650/6000203230650.jpg,11,Sold by Walmart,"Sugars (Sugar, Glucose Syrup), Hydrogenated Palm Kernel Oil, Instant Coffee, Cocoa, Modified Milk Ingredients, Salt, Dipotassium Phosphate, Calcium Carbonate, Sodium Citrate, Graham'S Salt, Mono- And Diglycerides, Datem, Sodium Triphosphate, Natural And Artificial Flavour.",,Add to Cart; Find in Store,4.3,43,,
Walmart Canada,Drinks,Coffee,walmart.ca,https://www.walmart.ca/en/ip/keurig-van-houtte-original-house-blend-medium-roast-recyclable-k-cup-pods/6000197097493,,Box of 12 K-Cup® pods,Walmart.ca > Household Supplies & Pantry > Drinks > Coffee > Coffee Pods,Van Houtte,Keurig® Van Houtte® Original House Blend Medium Roast Recyclable K-Cup® PODS,SKU:6000197097494,UPC:6215159790,ID:6000197097493,Walmart Item #:30417750,$8.97,,,,$0.75/1EA,"True to our founder's original recipe, this after-roast blend offers the fleeting acidity of a light coffee with just a hint of spice and woodsy notes found in dark roasted coffee.",,"[{""Product Type"":""Medium Roast""},{""Decaffeinated"":""No""},{""Singleserve"":""No""},{""Franchise"":""Van Houtte""},{""Storage Type"":""Shelf""},{""Clearout Deal"":""No""},{""Lifestyle\/Dietary Need"":""No egg,No fish,No milk,No mustard,No sesame,No shellfish,No soy,No sulfite,No wheat,No lactose,No artificials,Kosher,No added sugars,Paleo-friendly,Vegan-friendly,Vegetarian-friendly,Whole30-friendly""}]",https://i5.walmartimages.ca/images/Enlarge/356/035/6000199356035.jpg | https://i5.walmartimages.ca/images/Enlarge/465/334/6000198465334.jpg | https://i5.walmartimages.ca/images/Enlarge/465/335/6000198465335.jpg,3,Sold by Walmart,Arabica coffee,"No egg,No fish,No milk,No mustard,No sesame,No shellfish,No soy,No sulfite,No wheat,No lactose,No artificials,Kosher,No added sugars,Paleo-friendly,Vegan-friendly,Vegetarian-friendly,Whole30-friendly",Add to Cart; Find in Store,4.5,59,,
Walmart Canada,Drinks,Coffee,walmart.ca,https://www.walmart.ca/en/ip/nescaf-tasters-choice-classic-250-g/6000145830472,,250 GR,Walmart.ca > Household Supplies & Pantry > Drinks > Coffee > Instant Coffee,NESCAFÉ,NESCAFÉ® TASTER'S CHOICE® Classic 250 g,SKU:10298486,UPC:5500048993,ID:6000145830472,Walmart Item #:30623908,$13.97,,,,$5.59/100GR,Our premium NESCAFÉ® Taster’s Choice Classic Instant Coffee (250 g) offers a smooth taste with a rich aroma.  We carefully selected beans from around the world to create a deliciously well-rounded and oh-so-satisfying smooth coffee.,"• Premium instant coffee
• 250 g tin
• 100% pure coffee made from select Arabica beans
• Free of additives or preservatives
• Smooth taste and rich aroma","[{""Flavour"":""Unflavoured""},{""Product Type"":""Other""},{""Decaffeinated"":""No""},{""Singleserve"":""No""},{""Storage Type"":""Shelf""},{""Clearout Deal"":""No""},{""Lifestyle\/Dietary Need"":""No egg,No fish,No milk,No mustard,No sesame,No shellfish,No soy,No sulfite,No wheat,No lactose,No artificials,No added sugars,Paleo-friendly,Vegan-friendly,Vegetarian-friendly,Whole30-friendly""}]",https://i5.walmartimages.ca/images/Enlarge/489/935/999999-55000489935.jpg | https://i5.walmartimages.ca/images/Enlarge/993/5_1/999999-55000489935_1.jpg | https://i5.walmartimages.ca/images/Enlarge/993/5_2/999999-55000489935_2.jpg,3,Sold by Walmart,100% PURE COFFEE,"No egg,No fish,No milk,No mustard,No sesame,No shellfish,No soy,No sulfite,No wheat,No lactose,No artificials,No added sugars,Paleo-friendly,Vegan-friendly,Vegetarian-friendly,Whole30-friendly",Add to Cart; Find in Store,3.9,26,,
Walmart Canada,Drinks,Coffee,walmart.ca,https://www.walmart.ca/en/ip/nescaf-sweet-and-creamy-caramel-instant-coffee-mix-18-pack-18-x-19-g/6000202651447,,18 x 19 G,Walmart.ca > Household Supplies & Pantry > Drinks > Coffee > Instant Coffee,NESCAFÉ,NESCAFÉ Sweet and Creamy Caramel Instant Coffee Mix 18-Pack (18 x 19 g),SKU:6000202651448,UPC:5500071063,ID:6000202651447,Walmart Item #:31138744,$5.97,,,,$597/100GR,"NESCAFÉ Sweet & Creamy Caramel Instant Coffee Mix (18 x 19 g) is a range of all-in-one coffees made in an instant, using our convenient single serve packets. Each NESCAFÉ Sweet & Creamy packet includes all the coffee, creamer, and sugar you need to create a delicious, buttery caramel flavoured cup that you can have at home or when you're on the go. Crafted using medium-dark roasted coffee beans, each cup has a smooth and creamy coffee taste, with rich coffee aroma. NESCAFÉ Sweet & Creamy is simple to prepare, all you need to add is hot water. Also available in Original, French Vanilla, and Mocha flavours.","• Convenient All-In-One Solution: Sweet and Creamy is in a simple format that is quick and easy to make
• Incorporate Into Any Routine: Perfect pick me up at any point of the day, for at home or while on the go
• Consistent Taste: There is no guesswork in making a cup of Sweet and Creamy, resulting in the same buttery caramel flavour from cup to cup
• Committed to being Grown Respectfully: All coffee beans are responsibly sourced, and a part of sustainable farming practices
• Created by Coffee Experts: Nescafé is an expert in coffee innovations, and have used their knowledge to create a product that doesn't require sugar, coffee-creamer or coffee whitener","[{""Product Type"":""Instant""},{""Decaffeinated"":""No""},{""Singleserve"":""Yes""},{""Storage Type"":""Shelf""},{""Clearout Deal"":""No""},{""Lifestyle\/Dietary Need"":""""}]",https://i5.walmartimages.ca/images/Enlarge/661/802/6000202661802.jpg | https://i5.walmartimages.ca/images/Enlarge/661/781/6000202661781.jpg | https://i5.walmartimages.ca/images/Enlarge/661/788/6000202661788.jpg | https://i5.walmartimages.ca/images/Enlarge/678/207/6000202678207.jpg | https://i5.walmartimages.ca/images/Enlarge/678/209/6000202678209.jpg | https://i5.walmartimages.ca/images/Enlarge/926/274/6000203926274.jpg | https://i5.walmartimages.ca/images/Enlarge/926/269/6000203926269.jpg | https://i5.walmartimages.ca/images/Enlarge/678/210/6000202678210.jpg | https://i5.walmartimages.ca/images/Enlarge/678/211/6000202678211.jpg,9,Sold by Walmart,"Sugars (Sugar, Glucose Syrup), Hydrogenated Palm Kernel Oil, Instant Coffee, Salt, Modified Milk Ingredients, Dipotassium Phosphate, Calcium Carbonate, Sodium Citrate, Graham'S Salt, Mono- And Diglycerides, Datem, Sodium Triphosphate, Natural And Artificial Flavour.",,Add to Cart; Find in Store,4.3,37,,
Walmart Canada,Drinks,Coffee,walmart.ca,https://www.walmart.ca/en/ip/maxwell-house-decaf-ground-coffee/6000199970292,,631g,Walmart.ca > Household Supplies & Pantry > Drinks > Coffee > Ground Coffee,Maxwell House,Maxwell House Decaf Ground Coffee,SKU:6000199970293,UPC:6618800235,ID:6000199970292,Walmart Item #:31691295,$6.97,,,,$1.1/100GR,"631 Gram Tin of Roast and Ground Coffee. Decaffeinated Pure Ground Coffee. Maxwell House coffee is good to the last drop. Available in one grind, for all coffee makers. Tin is recyclable where facilities exist.","•100% Pure Ground Coffee
•Good to the last drop
•Available in one grind, for all coffee makers
•Container recyclable where facilities exist
•Perfectly roasted for a smooth, balanced taste","[{""Product Type"":""Ground""},{""Decaffeinated"":""Yes""},{""Singleserve"":""No""},{""Storage Type"":""Shelf""},{""Lifestyle\/Dietary Need"":""No egg,No fish,No milk,No mustard,No sesame,No shellfish,No soy,No sulfite,No wheat,No lactose,No artificials,Kosher,No added sugars,Paleo-friendly,Vegan-friendly,Vegetarian-friendly,Whole30-friendly""}]",https://i5.walmartimages.ca/images/Enlarge/212/345/6000200212345.jpg | https://i5.walmartimages.ca/images/Enlarge/602/304/6000202602304.jpg | https://i5.walmartimages.ca/images/Enlarge/631/520/6000201631520.jpg | https://i5.walmartimages.ca/images/Enlarge/631/552/6000201631552.jpg | https://i5.walmartimages.ca/images/Enlarge/602/306/6000202602306.jpg,5,Sold by Walmart,INGREDIENT: 100% PURE GROUND DECAFFEINATED COFFEE.,"No egg,No fish,No milk,No mustard,No sesame,No shellfish,No soy,No sulfite,No wheat,No lactose,No artificials,Kosher,No added sugars,Paleo-friendly,Vegan-friendly,Vegetarian-friendly,Whole30-friendly",Add to Cart; Find in Store,4.2,105,,5
Walmart Canada,Drinks,Coffee,walmart.ca,https://www.walmart.ca/en/ip/tassimo-maxwell-house-morning-blend-coffee-single-serve-t-discs/6000159562701,,14 T-Discs,Walmart.ca > Household Supplies & Pantry > Drinks > Coffee > Coffee Pods,Tassimo,Tassimo Maxwell House Morning Blend Coffee Single Serve T-Discs,SKU:10311212,UPC:6618800257,ID:6000159562701,Walmart Item #:30802351,$7.97,,,,$0.57/1EA,"A Real Morning Kicker - the splendid taste of coffee makes the day more beautiful and enticing. If you are caffeine lover and want strong coffee, Maxwell House Morning Blend Coffee T-Discs are the perfect choice with an extra dose of caffeine in your coffee cup to fight against sleepy mornings.","• One 123G bag of Tassimo Maxwell House Morning Blend Coffee T-Discs (14 t-discs)
• Each T-Disc makes one 8 fl oz/236 ml cup of coffee
• Mild roast coffee
• T-Discs compatible with Tassimo brewers","[{""Flavour"":""Other""},{""Product Type"":""Pods""},{""Decaffeinated"":""No""},{""Singleserve"":""Yes""},{""Storage Type"":""Shelf""},{""Clearout Deal"":""No""},{""Lifestyle\/Dietary Need"":""No egg,No fish,No milk,No mustard,No sesame,No shellfish,No soy,No sulfite,No wheat,No lactose,No artificials,Kosher,No added sugars,Paleo-friendly,Vegan-friendly,Vegetarian-friendly,Whole30-friendly""}]",https://i5.walmartimages.ca/images/Enlarge/429/258/1429258.jpg | https://i5.walmartimages.ca/images/Enlarge/285/725/6000200285725.jpg | https://i5.walmartimages.ca/images/Enlarge/285/757/6000200285757.jpg | https://i5.walmartimages.ca/images/Enlarge/285/732/6000200285732.jpg,4,Sold by Walmart,INGREDIENT: 100% ARABICA COFFEE.,"No egg,No fish,No milk,No mustard,No sesame,No shellfish,No soy,No sulfite,No wheat,No lactose,No artificials,Kosher,No added sugars,Paleo-friendly,Vegan-friendly,Vegetarian-friendly,Whole30-friendly",Add to Cart; Find in Store,4.5,165,,8
Walmart Canada,Drinks,Coffee,walmart.ca,https://www.walmart.ca/en/ip/great-value-classic-roast-ground-coffee/6000187054003,,907 g,Walmart.ca > Household Supplies & Pantry > Drinks > Coffee > Ground Coffee,Great Value,Great Value Classic Roast Ground Coffee,SKU:6000187054004,UPC:60538887431,ID:6000187054003,Walmart Item #:9232684,$6.87,,,,$0.01/1GR,Start every day off right when you savour a delicious cup of java made with Great Value Classic Roast Ground Coffee. Enjoy the earthy aroma of Great Value Classic Roast Ground Coffee all day long for the perfect brew every time you need a fresh cup!,,"[{""Product Type"":""Other""},{""Decaffeinated"":""No""},{""Singleserve"":""No""},{""Storage Type"":""Shelf""},{""Walmart Exclusive"":""Yes""},{""Clearout Deal"":""No""},{""Lifestyle\/Dietary Need"":""No artificials,Kosher,No added sugars,Paleo-friendly,Vegan-friendly,Vegetarian-friendly,Whole30-friendly""}]",https://i5.walmartimages.ca/images/Enlarge/617/500/6000187617500.jpg,1,Sold by Walmart,Not Applicable,"No artificials,Kosher,No added sugars,Paleo-friendly,Vegan-friendly,Vegetarian-friendly,Whole30-friendly",Add to Cart; Find in Store,4.2,30,,4
Walmart Canada,Drinks,Coffee,walmart.ca,https://www.walmart.ca/en/ip/kicking-horse-coffee-kick-ass-dark-roast-whole-bean/6000196210615,,454 g - Whole Bean Coffee,Walmart.ca > Household Supplies & Pantry > Drinks > Coffee > Coffee Beans,Kicking Horse® Coffee,"Kicking Horse Coffee - Kick Ass - Dark Roast, Whole Bean",SKU:6000196210616,UPC:62907010013,ID:6000196210615,Walmart Item #:30413378,$15.77,,,,$3.47/100GR,"If there’s something worth doing, we think it’s worth doing great. This remarkable blend of beans is the spirit of Kicking Horse Coffee, and a bold invitation to wake up with us.","• Dark Roast, Whole Bean Coffee
• Sweet, Smokey, Audacious
• Origin: Indonesia & South America
• Aroma: Smoky, sweet vanilla and dark chocolate
• Tasting Notes: Chocolate malt, molasses, licorice and an earthy lingering finish
• 100% Arabica Beans
• Certified Fairtrade, Organic, Kosher
• Roasted in the Canadian Rocky Mountains
• Recommended Brew Methods: French press (coarse grind), Drip machine (medium grind), Pour over (medium-fine grind)","[{""Product Type"":""Dark Roast""},{""Decaffeinated"":""No""},{""Singleserve"":""No""},{""Storage Type"":""Shelf""},{""Clearout Deal"":""No""},{""Lifestyle\/Dietary Need"":""Organic,Kosher,Fair Trade""}]",https://i5.walmartimages.ca/images/Enlarge/100/139/999999-629070100139.jpg,1,Sold by Walmart,"100% certified Organic, Fairtrade, shade-grown Arabica, Canadian Rocky Mountain-roasted coffee","Organic,Kosher,Fair Trade",Add to Cart; Find in Store,4.6,49,,1
Walmart Canada,Drinks,Coffee,walmart.ca,https://www.walmart.ca/en/ip/our-finest-canadian-blend-fine-ground-coffee/6000023804776,,907 g,Walmart.ca > Household Supplies & Pantry > Drinks > Coffee > Ground Coffee,Our Finest,Our Finest Canadian Blend Fine Ground Coffee,SKU:10053273,UPC:60538800151,ID:6000023804776,Walmart Item #:30210662,$9.97,,,,$1.1/100GR,"Crafted from an exclusive blend of 100% Arabica beans, sourced from the world’s best coffee producing regions, this coffee features a smooth, rounded ﬂavour with a subtle, delicate aroma for a truly Canadian cup of coffee. Our FinestTM – premium quality ingredients and the best we have to offer, from our table to yours.",,"[{""Product Type"":""Other""},{""Decaffeinated"":""No""},{""Singleserve"":""No""},{""Storage Type"":""Shelf""},{""Walmart Exclusive"":""Yes""},{""Clearout Deal"":""No""},{""Lifestyle\/Dietary Need"":""No artificials,Kosher,No added sugars,Paleo-friendly,Vegan-friendly,Vegetarian-friendly,Whole30-friendly""}]",https://i5.walmartimages.ca/images/Enlarge/898/072/898072.jpg,1,Sold by Walmart,Not Applicable,"No artificials,Kosher,No added sugars,Paleo-friendly,Vegan-friendly,Vegetarian-friendly,Whole30-friendly",Add to Cart; Find in Store,4.4,17,,
Walmart Canada,Drinks,Coffee,walmart.ca,https://www.walmart.ca/en/ip/our-finest-signature-blend-medium-roast-coffee/6000192058873,,"30 K-Cup® pods, 285 g",Walmart.ca > Household Supplies & Pantry > Drinks > Coffee > Coffee Pods,Our Finest,Our Finest Signature Blend Medium Roast Coffee,SKU:6000192058874,UPC:62891516487,ID:6000192058873,Walmart Item #:31110597,$13.97,,,,$0.47/1EA,"Available in quick and convenient, single serve K-Cup® pods, Our Finest™ Signature Blend Coffee is a medium roast coffee made with 100% Arabica beans selected from Latin America. It's vibrant fruitiness with a lively acidity ensure each cup is smooth and perfectly exquisite.",,"[{""Flavour"":""House blend""},{""Product Type"":""Medium Roast""},{""Decaffeinated"":""No""},{""Singleserve"":""No""},{""Storage Type"":""Shelf""},{""Walmart Exclusive"":""Yes""},{""Clearout Deal"":""No""},{""Lifestyle\/Dietary Need"":""No artificials,Kosher,No added sugars,Paleo-friendly,Vegan-friendly,Vegetarian-friendly,Whole30-friendly""}]",https://i5.walmartimages.ca/images/Enlarge/110/597/31110597.jpg | https://i5.walmartimages.ca/images/Enlarge/708/857/6000200708857.jpg,2,Sold by Walmart,100% Arabica coffee.,"No artificials,Kosher,No added sugars,Paleo-friendly,Vegan-friendly,Vegetarian-friendly,Whole30-friendly",Add to Cart; Find in Store,4.6,11,,1
Walmart Canada,Drinks,Coffee,walmart.ca,https://www.walmart.ca/en/ip/mccaf-premium-roast-recyclable-k-cup-pods-12-count/6000200922189,,12 count,Walmart.ca > Household Supplies & Pantry > Drinks > Coffee > Coffee Pods,McCafe,"McCafé® Premium Roast Recyclable K-Cup® Pods, 12 Count",SKU:6000200922190,UPC:66344760824,ID:6000200922189,Walmart Item #:30312353,$9.97,,,,,"McCafé® Premium Roast Coffee in K-Cup® pods are made with 100% ethically sourced Arabica beans from Rainforest Alliance Certified™ farms. We’re supporting farmers so their communities, and the rainforests around them, can prosper for generations to come.","- Made with 100% ethically sourced Arabica beans
- Rainforest Alliance Certified™
- Traditionally fire-roasted for a rich, delicious full-bodied flavour
- McCafé® K-Cup® pods are recyclable
- Compatible with all Keurig® K-Cup® coffee makers","[{""Product Type"":""Pods""},{""Decaffeinated"":""No""},{""Storage Type"":""Shelf""},{""Clearout Deal"":""No""},{""Lifestyle\/Dietary Need"":""No egg,No fish,No milk,No mustard,No sesame,No shellfish,No soy,No sulfite,No wheat,No lactose,No artificials,Kosher,No added sugars,Paleo-friendly,Vegan-friendly,Vegetarian-friendly,Whole30-friendly""}]",https://i5.walmartimages.ca/images/Enlarge/095/482/6000201095482.jpg | https://i5.walmartimages.ca/images/Enlarge/095/488/6000201095488.jpg | https://i5.walmartimages.ca/images/Enlarge/095/494/6000201095494.jpg,3,Sold by Walmart,Arabica coffee.,"No egg,No fish,No milk,No mustard,No sesame,No shellfish,No soy,No sulfite,No wheat,No lactose,No artificials,Kosher,No added sugars,Paleo-friendly,Vegan-friendly,Vegetarian-friendly,Whole30-friendly",Add to Cart; Find in Store,4.6,265,,
Walmart Canada,Drinks,Coffee,walmart.ca,https://www.walmart.ca/en/ip/starbucks-caff-verona-dark-roast-ground-coffee/6000188643457,,340g,Walmart.ca > Household Supplies & Pantry > Drinks > Coffee > Ground Coffee,Starbucks,STARBUCKS Caffè Verona Dark Roast Ground Coffee,SKU:6000188643468,UPC:76211189850,ID:6000188643457,Walmart Item #:30305898,$11.67,,,,$3.43/100GR,"A passion for the culinary romance of Italy inspired this seductive, full-bodied blend of Latin American and Asia/Pacific coffees, with Italian Roast added for depth. It’s rich and well-balanced with a dark cocoa texture and a roasty sweetness. Made with the same high-quality 100% arabica beans we use in our cafés and grinded to a universal blend, this coffee is perfect to use in any drip machine, pour over or French press.","• 100% Arabica Coffee
• Roasty Sweet & Dark Cocoa
• Multi-Growing Region, Latin America & Asia Pacific
• Dark Roast","[{""Product Type"":""Dark Roast""},{""Decaffeinated"":""No""},{""Singleserve"":""No""},{""Storage Type"":""Shelf""},{""Clearout Deal"":""No""},{""Lifestyle\/Dietary Need"":""No egg,No fish,No milk,No mustard,No sesame,No shellfish,No soy,No sulfite,No wheat,No lactose,No artificials,No added sugars,Paleo-friendly,Vegan-friendly,Vegetarian-friendly,Whole30-friendly""}]",https://i5.walmartimages.ca/images/Enlarge/850/563/6000197850563.jpg | https://i5.walmartimages.ca/images/Enlarge/850/544/6000197850544.jpg | https://i5.walmartimages.ca/images/Enlarge/850/560/6000197850560.jpg | https://i5.walmartimages.ca/images/Enlarge/850/562/6000197850562.jpg,4,Sold by Walmart,GROUND 100% ARABICA COFFEE,"No egg,No fish,No milk,No mustard,No sesame,No shellfish,No soy,No sulfite,No wheat,No lactose,No artificials,No added sugars,Paleo-friendly,Vegan-friendly,Vegetarian-friendly,Whole30-friendly",Add to Cart; Find in Store,4.7,758,,1
Walmart Canada,Drinks,Coffee,walmart.ca,https://www.walmart.ca/en/ip/coffee-mate-light-powder-14-kg/6000146303594,,1400 GR,Walmart.ca > Household Supplies & Pantry > Drinks > Coffee > Coffee Whiteners,Coffee-Mate,COFFEE-MATE® Light Powder 1.4 kg,SKU:10298979,UPC:5000017360,ID:6000146303594,Walmart Item #:9202289,$8.97,,,,$0.01/1GR,"Looking for a light coffee enhancer for your coffee or tea? COFFEE-MATE® Light Powder (1.4 kg) is your cup’s perfect lower-fat match! There’s nothing quite like a deliciously creamy tasting cup of coffee or tea with COFFEE-MATE®. With 40% less fat than the Original per 2 g serving, it’s an easy way to enhance your coffee or tea any time of day. Plus, COFFEE-MATE® is lactose free. Now with an easy grip handle, COFFEE-MATE® has never been easier to pour. Plus, our new packaging is also recyclable! Fall in love with COFFEE-MATE®’s smooth & rich taste! Whether starting your day or taking a moment to recharge, the rich, creamy taste of COFFEE-MATE® Light is the perfect way to wake up your cup.","• Classic rich and creamy tasting COFFEE-MATE® Light creates the perfect cup of velvety goodness
• Around one teaspoon will transform your coffee and tea every time – morning, noon or night
• COFFEE-MATE® has been keeping your tea and coffee rich and creamy tasting since 1961
• 40% less fat than the Original per 2 g serving, lactose free COFFEE-MATE® Light pairs perfectly with a cup of NESCAFE® instant coffee
• New recyclable package with an easy grip handle makes it even easier to pour","[{""Flavour"":""Unflavoured""},{""Product Type"":""Coffee Creamer""},{""Light"":""Yes""},{""Singleserve"":""No""},{""Storage Type"":""Shelf""},{""Clearout Deal"":""No""},{""Lifestyle\/Dietary Need"":""No egg,No fish,No mustard,No sesame,No shellfish,No sulfite,No wheat,Vegetarian-friendly""}]",https://i5.walmartimages.ca/images/Enlarge/_81/667/81667.jpg | https://i5.walmartimages.ca/images/Enlarge/166/7_1/81667_1.jpg | https://i5.walmartimages.ca/images/Enlarge/715/177/6000201715177.jpg | https://i5.walmartimages.ca/images/Enlarge/715/190/6000201715190.jpg | https://i5.walmartimages.ca/images/Enlarge/715/191/6000201715191.jpg | https://i5.walmartimages.ca/images/Enlarge/00_/nft/50000173600_NFT.jpg | https://i5.walmartimages.ca/images/Enlarge/00_/nft/50000173600_NFT.jpg,7,Sold by Walmart,"GLUCOSE SYRUP, HYDROGENATED\nVEGETABLE OIL (MAY CONTAIN COCONUT, PALM KERNEL AND/OR\nSOYBEAN OIL), SODIUM CASEINATE (A MILK DERIVATIVE),\nDIPOTASSIUM PHOSPHATE, COLOUR, MONOGLYCERIDES,\nSODIUM ALUMINUM SILICATE, SUGAR, ACETYLATED TARTARIC\nACID ESTERS OF MONO- AND DIGLYCERIDES, ARTIFICIAL\nFLAVOUR.","No egg,No fish,No mustard,No sesame,No shellfish,No sulfite,No wheat,Vegetarian-friendly",Add to Cart; Find in Store,4.4,24,,2
Walmart Canada,Drinks,Coffee,walmart.ca,https://www.walmart.ca/en/ip/keurig-van-houtte-colombian-dark-roast-recyclable-k-cup-pods/6000197853155,,12 K-Cup® Pods,Walmart.ca > Household Supplies & Pantry > Drinks > Coffee > Coffee Pods,Van Houtte,Keurig® Van Houtte® Colombian Dark Roast Recyclable K-Cup® PODS,SKU:6000197853156,UPC:6215170790,ID:6000197853155,Walmart Item #:30469266,$8.97,,,,$0.75/1EA,"Colombian is the gold standard by which coffee lovers measure every cup. And this one is true to its name, offering an intense flavour and a rich aroma with subtle fruity notes and a lasting bouquet.",,"[{""Product Type"":""Dark Roast""},{""Decaffeinated"":""No""},{""Singleserve"":""No""},{""Franchise"":""Van Houtte""},{""Storage Type"":""Shelf""},{""Clearout Deal"":""No""},{""Lifestyle\/Dietary Need"":""No egg,No fish,No milk,No mustard,No sesame,No shellfish,No soy,No sulfite,No wheat,No lactose,No artificials,No added sugars,Paleo-friendly,Vegan-friendly,Vegetarian-friendly,Whole30-friendly""}]",https://i5.walmartimages.ca/images/Enlarge/356/015/6000199356015.jpg | https://i5.walmartimages.ca/images/Enlarge/465/296/6000198465296.jpg | https://i5.walmartimages.ca/images/Enlarge/465/297/6000198465297.jpg,3,Sold by Walmart,Arabica coffee.,"No egg,No fish,No milk,No mustard,No sesame,No shellfish,No soy,No sulfite,No wheat,No lactose,No artificials,No added sugars,Paleo-friendly,Vegan-friendly,Vegetarian-friendly,Whole30-friendly",Add to Cart; Find in Store,4.6,71,,
Walmart Canada,Drinks,Coffee,walmart.ca,https://www.walmart.ca/en/ip/our-finest-100-arabica-instant-coffee/6000197455428,,200 g,Walmart.ca > Household Supplies & Pantry > Drinks > Coffee > Instant Coffee,Our Finest,Our Finest 100% Arabica Instant Coffee,SKU:6000197455429,UPC:62891556176,ID:6000197455428,Walmart Item #:30351506,$5.97,,,,$2.99/100GR,"Our Finest 100% Arabica Instant Coffee, 200 g","• Made from Columbian beans
• 100% Arabica","[{""Product Type"":""Other""},{""Decaffeinated"":""No""},{""Singleserve"":""No""},{""Storage Type"":""Shelf""},{""Walmart Exclusive"":""Yes""},{""Clearout Deal"":""No""},{""Lifestyle\/Dietary Need"":""No artificials,No added sugars,Paleo-friendly,Vegan-friendly,Vegetarian-friendly,Whole30-friendly""}]",https://i5.walmartimages.ca/images/Enlarge/616/733/6000197616733.jpg,1,Sold by Walmart,100% Colombian Arabica freeze dried coffee.,"No artificials,No added sugars,Paleo-friendly,Vegan-friendly,Vegetarian-friendly,Whole30-friendly",Add to Cart; Find in Store,5,5,,3
Walmart Canada,Drinks,Coffee,walmart.ca,https://www.walmart.ca/en/ip/maxwell-house-decaf-coffee-100-compostable-pods-12-pods/6000192174794,,117g,Walmart.ca > Household Supplies & Pantry > Drinks > Coffee > Coffee Pods,Maxwell House,"Maxwell House Decaf Coffee 100% Compostable Pods, 12 Pods",SKU:6000192174795,UPC:6618800276,ID:6000192174794,Walmart Item #:31296239,$7.97,,,,$0.66/1EA,Maxwell House Decaf Coffee is a medium roast Ground Decaffeinated Coffee that has a consistent signature taste. Our medium roast coffee is exceptionally smooth and is decaffeinated for a great cup of coffee at any time of day. Made with 100% Arabica beans and 100% pure coffee.,"•117g of 12ct of Maxwell House Decaf Coffee 100% Compostable Pods
•100% Pure Ground Decaf Coffee
•100% Arabica beans
•100% compostable pods & bag and recyclable box
•Single Serve Coffee Pods","[{""Flavour"":""Other""},{""Product Type"":""Pods""},{""Decaffeinated"":""Yes""},{""Singleserve"":""Yes""},{""Storage Type"":""Shelf""},{""Clearout Deal"":""No""},{""Lifestyle\/Dietary Need"":""No egg,No fish,No milk,No mustard,No sesame,No shellfish,No soy,No sulfite,No wheat,No lactose,No artificials,No added sugars,Paleo-friendly,Vegan-friendly,Vegetarian-friendly,Whole30-friendly""}]",https://i5.walmartimages.ca/images/Enlarge/002/762/999999-00066188002762.jpg | https://i5.walmartimages.ca/images/Enlarge/276/2_2/999999-00066188002762_2.jpg | https://i5.walmartimages.ca/images/Enlarge/276/2_1/999999-00066188002762_1.jpg | https://i5.walmartimages.ca/images/Enlarge/631/553/6000201631553.jpg | https://i5.walmartimages.ca/images/Enlarge/631/544/6000201631544.jpg | https://i5.walmartimages.ca/images/Enlarge/078/099/6000202078099.jpg | https://i5.walmartimages.ca/images/Enlarge/078/101/6000202078101.jpg | https://i5.walmartimages.ca/images/Enlarge/078/098/6000202078098.jpg | https://i5.walmartimages.ca/images/Enlarge/374/037/6000203374037.jpg,9,Sold by Walmart,INGREDIENT: DECAFFEINATED ARABICA COFFEE.,"No egg,No fish,No milk,No mustard,No sesame,No shellfish,No soy,No sulfite,No wheat,No lactose,No artificials,No added sugars,Paleo-friendly,Vegan-friendly,Vegetarian-friendly,Whole30-friendly",Add to Cart; Find in Store,4.2,104,,5
Walmart Canada,Drinks,Coffee,walmart.ca,https://www.walmart.ca/en/ip/tassimo-maxwell-house-rich-dark-roast-coffee-single-serve-t-discs/6000156123795,,14 T-Discs,Walmart.ca > Household Supplies & Pantry > Drinks > Coffee > Coffee Pods,Tassimo,Tassimo Maxwell House Rich Dark Roast Coffee Single Serve T-Discs,SKU:10306135,UPC:6618800258,ID:6000156123795,Walmart Item #:30802350,$7.97,,,,$0.57/1EA,"Tassimo Maxwell House Dark Roast T-Discs - Maxwell House Dark Roast T-Discs feature the delicious taste of dark roasted beans in a convenient Tassimo T-Disc. Its taste is rich and vibrant, to brighten up your morning so you can greet the day. Intense and Rich, Our Darkest Brew.","• One 109G bag of Tassimo Maxwell House Rich Dark Roast Coffee T-Discs (14 t-discs)
• Each T-Disc makes one 8 fl oz/236 ml cup of coffee
• Bold roast coffee
• T-Discs compatible with Tassimo brewers","[{""Flavour"":""Other""},{""Product Type"":""Pods""},{""Decaffeinated"":""No""},{""Singleserve"":""Yes""},{""Storage Type"":""Shelf""},{""Clearout Deal"":""No""},{""Lifestyle\/Dietary Need"":""No egg,No fish,No milk,No mustard,No sesame,No shellfish,No soy,No sulfite,No wheat,No lactose,No artificials,Kosher,No added sugars,Paleo-friendly,Vegan-friendly,Vegetarian-friendly,Whole30-friendly""}]",https://i5.walmartimages.ca/images/Enlarge/429/257/1429257.jpg | https://i5.walmartimages.ca/images/Enlarge/285/709/6000200285709.jpg | https://i5.walmartimages.ca/images/Enlarge/285/753/6000200285753.jpg | https://i5.walmartimages.ca/images/Enlarge/788/917/6000200788917.jpg,4,Sold by Walmart,INGREDIENT: 100% ARABICA COFFEE.,"No egg,No fish,No milk,No mustard,No sesame,No shellfish,No soy,No sulfite,No wheat,No lactose,No artificials,Kosher,No added sugars,Paleo-friendly,Vegan-friendly,Vegetarian-friendly,Whole30-friendly",Add to Cart; Find in Store,4.5,165,,8
Walmart Canada,Drinks,Coffee,walmart.ca,https://www.walmart.ca/en/ip/tim-hortons-french-vanilla-cappuccino/6000199414235,,Pack of 10,Walmart.ca > Household Supplies & Pantry > Drinks > Coffee > Coffee Pods,Tim Hortons,Tim Hortons French Vanilla Cappuccino,SKU:6000199414236,UPC:6320911272,ID:6000199414235,Walmart Item #:30273607,$10.98,,,,,"Since 1964, we have been committed to serving a great cup of coffee. The signature flavour in every cup of Tim Hortons Premium Blend Coffee is created using our own unique blend of 100% Arabica beans. Enjoy your Tim Hortons favourites like our premium blend coffee and specialty beverages in single serve cups at home. Sweet and creamy French Vanilla and coffee flavours combine for the ultimate comfort in a cup.","DIRECTIONS:
• For best results, measure two (2) level tablespoons of Tim Hortons French Vanilla coffee for every 250 mL (8 oz) of fresh cold water
• Once opened seal tightly and store in a cool dry place","[{""Product Type"":""Flavoured""},{""Decaffeinated"":""No""},{""Storage Type"":""Shelf""},{""Lifestyle\/Dietary Need"":""No egg,No fish,No mustard,No sesame,No shellfish,No soy,No sulfite,No wheat,Vegetarian-friendly""}]",https://i5.walmartimages.ca/images/Enlarge/280/224/6000202280224.jpg | https://i5.walmartimages.ca/images/Enlarge/559/258/6000199559258.jpg | https://i5.walmartimages.ca/images/Enlarge/559/259/6000199559259.jpg,3,Sold by Walmart,"SUGAR, HYDROGENATED COCONUT OIL, GLUCOSE SYRUP, MODIFIED MILK INGREDIENTS, SALT, INSTANT COFFEE, NATURAL AND ARTIFICIAL FLAVOURS, COCOA POWDER, SODIUM POLYPHOSPHATE, DIPOTASSIUM PHOSPHATE, SODIUM STEAROYL-2-LACTYLATE, SILICON DIOXIDE, SUCRALOSE (19 mg per K-Cup® pod), ACESULFAME-POTASSIUM (9 mg per K-Cup® pod). CONTAINS: MILK.","No egg,No fish,No mustard,No sesame,No shellfish,No soy,No sulfite,No wheat,Vegetarian-friendly",Add to Cart; Find in Store,4.4,70,,
Walmart Canada,Drinks,Coffee,walmart.ca,https://www.walmart.ca/en/ip/tim-hortons-french-vanilla-light-medium-roast-coffee/6000196700128,,300 g,Walmart.ca > Household Supplies & Pantry > Drinks > Coffee > Ground Coffee,Tim Hortons,Tim Hortons French Vanilla Light Medium Roast Coffee,SKU:6000196700129,UPC:6320909594,ID:6000196700128,Walmart Item #:30255874,$7.84,,,,$2.61/100GR,"Roasted with care. Tim Hortons French Vanilla Coffee is created from our own unique blend of 100% Arabica beans and a hint of French vanilla flavor. Selected from the world’s most renowned coffee growing regions, our beans are blended and roasted with care to deliver the consistent taste of Tim Hortons every time.",,"[{""Product Type"":""Flavoured""},{""Decaffeinated"":""No""},{""Singleserve"":""No""},{""Storage Type"":""Shelf""},{""Clearout Deal"":""No""},{""Lifestyle\/Dietary Need"":""No egg,No fish,No milk,No mustard,No sesame,No shellfish,No soy,No sulfite,No wheat,No lactose,No added sugars,Vegan-friendly,Vegetarian-friendly""}]",https://i5.walmartimages.ca/images/Enlarge/078/788/6000201078788.jpg,1,Sold by Walmart,"Arabica coffee, Natural and artificial flavours.","No egg,No fish,No milk,No mustard,No sesame,No shellfish,No soy,No sulfite,No wheat,No lactose,No added sugars,Vegan-friendly,Vegetarian-friendly",Add to Cart; Find in Store,4.5,39,,
Walmart Canada,Drinks,Coffee,walmart.ca,https://www.walmart.ca/en/ip/starbucks-by-nespresso-coffee-capsules-variety-pack-50-coffee-capsules/6000202127418,,50 cup,Walmart.ca > Gifts & Holidays > Christmas > Christmas Gift Baskets & Sets,Starbucks,STARBUCKS by NESPRESSO Coffee Capsules Variety Pack 50 Coffee Capsules,SKU:6000202127419,UPC:5500040747,ID:6000202127418,Walmart Item #:30975161,$36.97,,,,$739.4/100GR,"The high-quality STARBUCKS coffee that you know and love is now available for NESPRESSO machines featuring all your favourite flavours for you to enjoy in the comfort of your own home. Made from 100% Arabica coffee beans, this variety pack includes three roast profiles so everyone can find their favourite: STARBUCKS Blonde Espresso, PIKE PLACE* Roast, and Espresso Roast. From smooth to bold, all three are roasted by our master blenders and roasters to create the perfect cup of coffee with a wonderful aroma, acidity, body and flavour. STARBUCKS by NESPRESSO Coffee Variety Pack capsules are made from aluminum for guaranteed coffee freshness and easy recycling using NESPRESSO recycling bags.

*PIKE PLACE is a registered trademark of The PIKE PLACE Market PDA, used under license.","• Developed with NESPRESSO to work well with original line NESPRESSO machines 
• STARBUCKS Blonde Espresso is our lightest roast with mellow and approachable flavours – intensity level 6
• STARBUCKS PIKE PLACE* is a medium roast with smooth & balanced, rich, approachable flavours – intensity level 7
• STARBUCKS Espresso Roast is a dark-roast coffee with fuller body and a robust, bold taste – intensity level 11
• Contains 10 STARBUCKS Blonde Espresso, 20 STARBUCKS PIKE PLACE* Roast and 20 STARBUCKS Espresso Roast
• *PIKE PLACE is a registered trademark of The PIKE PLACE Market PDA, used under license.","[{""Product Type"":""Pods""},{""Decaffeinated"":""No""},{""Singleserve"":""No""},{""Storage Type"":""Shelf""},{""Clearout Deal"":""No""},{""Lifestyle\/Dietary Need"":""""}]",https://i5.walmartimages.ca/images/Enlarge/448/702/6000202448702.jpg | https://i5.walmartimages.ca/images/Enlarge/448/711/6000202448711.jpg | https://i5.walmartimages.ca/images/Enlarge/448/712/6000202448712.jpg | https://i5.walmartimages.ca/images/Enlarge/448/708/6000202448708.jpg | https://i5.walmartimages.ca/images/Enlarge/448/704/6000202448704.jpg | https://i5.walmartimages.ca/images/Enlarge/448/713/6000202448713.jpg,6,Sold by Walmart,100% arabica coffee.,,Add to Cart; Find in Store,0,,,
Walmart Canada,Drinks,Coffee,walmart.ca,https://www.walmart.ca/en/ip/starbucks-breakfast-blend-medium-roast-whole-bean-coffee/6000198124946,,340g,Walmart.ca > Household Supplies & Pantry > Drinks > Coffee > Coffee Beans,Starbucks,STARBUCKS Breakfast Blend Medium Roast Whole Bean Coffee,SKU:6000198124947,UPC:76211194968,ID:6000198124946,Walmart Item #:31510106,$11.67,,,,$1167/100GR,"We introduced this blend in 1998 for those who prefer a milder cup. A shade lighter than most of our offerings – more toasty than roasty – it’s perfect if you want to wake up to a less intense coffee but still want a lot of character. Breakfast Blend is lively with a citrusy tang that gives way to a clean finish. Try it with apples, blueberries, or lemon.Expertly packed immediately after roasting, Starbucks whole bean coffees are as fresh as the day they were roasted.","• 100% Arabica Coffee
• Bright & Tangy
• Growing Region of Latin America
• Medium Roast","[{""Product Type"":""Medium Roast""},{""Decaffeinated"":""No""},{""Singleserve"":""No""},{""Storage Type"":""Shelf""},{""Clearout Deal"":""No""},{""Lifestyle\/Dietary Need"":""No egg,No fish,No milk,No mustard,No sesame,No shellfish,No soy,No sulfite,No wheat,No lactose,No artificials,No added sugars,Vegan-friendly,Vegetarian-friendly""}]",https://i5.walmartimages.ca/images/Enlarge/125/819/6000198125819.jpg | https://i5.walmartimages.ca/images/Enlarge/125/835/6000198125835.jpg | https://i5.walmartimages.ca/images/Enlarge/125/838/6000198125838.jpg,3,Sold by Walmart,WHOLE BEAN 100% ARABICA COFFEE,"No egg,No fish,No milk,No mustard,No sesame,No shellfish,No soy,No sulfite,No wheat,No lactose,No artificials,No added sugars,Vegan-friendly,Vegetarian-friendly",Add to Cart; Find in Store,4.6,321,,
Walmart Canada,Drinks,Coffee,walmart.ca,https://www.walmart.ca/en/ip/van-houtte-colombian-dark-recyclable-k-cup-pods-dark-roast-24-count-for-single-serve-brewers/6000202651586,,24-count,Walmart.ca > Household Supplies & Pantry > Drinks > Coffee > Coffee Pods,Van Houtte,"Van Houtte® Colombian Dark Recyclable K-Cup® Pods, dark roast, 24-count for Single-Serve Brewers",SKU:6000202651587,UPC:6215103717,ID:6000202651586,Walmart Item #:31138827,$14.97,,,,,A classic Colombian-style coffee offering an intense flavour and a rich aroma with subtle fruity notes and a lasting bouquet.,"- Proudly roasted in Canada since 1919 
- 100% arabica beans, slowly roasted in single batches 
- We work with time-honoured European crafting methods 
- Van Houtte® K-Cup® pods are recyclable 
- Compatible with all Keurig® K-Cup® coffee makers
- Partner of Choice.
- 100% Responsibly Sourced Coffee","[{""Product Type"":""Dark Roast""},{""Decaffeinated"":""No""},{""Storage Type"":""Shelf""},{""Lifestyle\/Dietary Need"":""No egg,No fish,No milk,No mustard,No sesame,No shellfish,No soy,No sulfite,No wheat,No lactose,No artificials,Kosher,No added sugars,Paleo-friendly,Vegan-friendly,Vegetarian-friendly,Whole30-friendly""}]",https://i5.walmartimages.ca/images/Enlarge/933/350/6000202933350.jpg | https://i5.walmartimages.ca/images/Enlarge/933/376/6000202933376.jpg | https://i5.walmartimages.ca/images/Enlarge/933/378/6000202933378.jpg | https://i5.walmartimages.ca/images/Enlarge/933/382/6000202933382.jpg,4,Sold by Walmart,Arabica coffee.,"No egg,No fish,No milk,No mustard,No sesame,No shellfish,No soy,No sulfite,No wheat,No lactose,No artificials,Kosher,No added sugars,Paleo-friendly,Vegan-friendly,Vegetarian-friendly,Whole30-friendly",Add to Cart; Find in Store,4.6,71,,
Walmart Canada,Drinks,Coffee,walmart.ca,https://www.walmart.ca/en/ip/starbucks-sumatra-single-origin-dark-roast-ground-coffee-k-cup-pods-24-ct-box/6000198118336,,24 EA,Walmart.ca > Household Supplies & Pantry > Drinks > Coffee > Coffee Pods,Starbucks,Starbucks® Sumatra Single-Origin Dark Roast Ground Coffee K-Cup® Pods 24 ct Box,SKU:6000198118337,UPC:76211128205,ID:6000198118336,Walmart Item #:31575448,$22.47,,,,,"Like the tiger indigenous to Sumatra, this coffee is big, bold and captivating. No other coffee has its distinctive earthy aroma and lingering low notes. The heavy, full body and concentrated herbal spice flavours are the hallmarks of a great Sumatran coffee and a favourite of our most seasoned roasters. Sumatra's heavy mouthfeel and concentrated herbal spice notes pair well with cinnamon, oatmeal, maple, toffee, and cheese. Designed for use with the Keurig® Single Cup Brewing System to provide a premium brewed coffee experience in less than a minute – without the mess.","• 100% Arabica Coffee
• Earthy & Herbal
• Growing Region of Asia Pacific
• Dark Roast","[{""Product Type"":""Dark Roast""},{""Decaffeinated"":""No""},{""Singleserve"":""Yes""},{""Storage Type"":""Shelf""},{""Clearout Deal"":""No""},{""Lifestyle\/Dietary Need"":""No egg,No fish,No milk,No mustard,No sesame,No shellfish,No soy,No sulfite,No wheat,No lactose,No artificials,No added sugars,Paleo-friendly,Vegan-friendly,Vegetarian-friendly,Whole30-friendly""}]",https://i5.walmartimages.ca/images/Enlarge/822/532/6000198822532.jpg | https://i5.walmartimages.ca/images/Enlarge/822/542/6000198822542.jpg | https://i5.walmartimages.ca/images/Enlarge/822/556/6000198822556.jpg | https://i5.walmartimages.ca/images/Enlarge/822/557/6000198822557.jpg | https://i5.walmartimages.ca/images/Enlarge/822/564/6000198822564.jpg | https://i5.walmartimages.ca/images/Enlarge/928/612/6000203928612.jpg | https://i5.walmartimages.ca/images/Enlarge/928/611/6000203928611.jpg | https://i5.walmartimages.ca/images/Enlarge/822/540/6000198822540.jpg,8,Sold by Walmart,COFFEE,"No egg,No fish,No milk,No mustard,No sesame,No shellfish,No soy,No sulfite,No wheat,No lactose,No artificials,No added sugars,Paleo-friendly,Vegan-friendly,Vegetarian-friendly,Whole30-friendly",Add to Cart; Find in Store,4.7,621,,
Walmart Canada,Drinks,Coffee,walmart.ca,https://www.walmart.ca/en/ip/tim-hortons-100-colombian-dark-medium-roast-coffee/6000199414015,,"30 Servings, 315 g",Walmart.ca > Household Supplies & Pantry > Drinks > Coffee > Coffee Pods,Tim Hortons,Tim Hortons 100% Colombian Dark Medium Roast Coffee,SKU:6000199414016,UPC:6320911275,ID:6000199414015,Walmart Item #:30272005,$19.87,,,,,"Roasted with care. Tim Hortons Colombian Coffee is made with 100% Arabica beans grown in the rich volcanic soils of Colombia, where the tropical climate and geography is ideal for growing coffee. This premium coffee is roasted with care to deliver a well-balanced, crisp flavor and smooth finish.",,"[{""Product Type"":""Pods""},{""Decaffeinated"":""No""},{""Storage Type"":""Shelf""},{""Lifestyle\/Dietary Need"":""No egg,No fish,No milk,No mustard,No sesame,No shellfish,No soy,No sulfite,No wheat,No lactose,No artificials,No added sugars,Paleo-friendly,Vegan-friendly,Vegetarian-friendly,Whole30-friendly""}]",https://i5.walmartimages.ca/images/Enlarge/081/289/6000201081289.jpg | https://i5.walmartimages.ca/images/Enlarge/606/620/6000199606620.jpg | https://i5.walmartimages.ca/images/Enlarge/606/623/6000199606623.jpg,3,Sold by Walmart,Arabica coffee.,"No egg,No fish,No milk,No mustard,No sesame,No shellfish,No soy,No sulfite,No wheat,No lactose,No artificials,No added sugars,Paleo-friendly,Vegan-friendly,Vegetarian-friendly,Whole30-friendly",Add to Cart; Find in Store,0,,,
Walmart Canada,Drinks,Coffee,walmart.ca,https://www.walmart.ca/en/ip/nabob-full-city-dark-ground-coffee/6000196720841,,915g,Walmart.ca > Household Supplies & Pantry > Drinks > Coffee > Ground Coffee,Nabob,Nabob Full City Dark Ground Coffee,SKU:6000196720842,UPC:6020000190,ID:6000196720841,Walmart Item #:31325370,$15.27,,,,$1.67/100GR,"Nabob Bold Full City Dark Coffee offers an authentic, rich and expertly roasted blend. Made with 100% Arabica beans, it delivers an incredibly smooth, smoky, full-taste and velvety flavour that is good to the last drop.","•One 915G canister of Nabob Full City Dark Ground Coffee
•Made with 100% Arabica beans
• More than 60% Rainforest Alliance Certified Content 
•Expertly roasted for an incredibly smooth taste
•Kosher Certified","[{""Product Type"":""Ground""},{""Decaffeinated"":""No""},{""Singleserve"":""No""},{""Storage Type"":""Shelf""},{""Clearout Deal"":""No""},{""Lifestyle\/Dietary Need"":""No egg,No fish,No milk,No mustard,No sesame,No shellfish,No soy,No sulfite,No wheat,No lactose,No artificials,Kosher,No added sugars,Paleo-friendly,Vegan-friendly,Vegetarian-friendly,Whole30-friendly""}]",https://i5.walmartimages.ca/images/Enlarge/001/900/999999-00060200001900.jpg | https://i5.walmartimages.ca/images/Enlarge/316/659/6000202316659.jpg | https://i5.walmartimages.ca/images/Enlarge/316/664/6000202316664.jpg | https://i5.walmartimages.ca/images/Enlarge/316/666/6000202316666.jpg | https://i5.walmartimages.ca/images/Enlarge/316/667/6000202316667.jpg,5,Sold by Walmart,100% ARABICA COFFEE.,"No egg,No fish,No milk,No mustard,No sesame,No shellfish,No soy,No sulfite,No wheat,No lactose,No artificials,Kosher,No added sugars,Paleo-friendly,Vegan-friendly,Vegetarian-friendly,Whole30-friendly",Add to Cart; Find in Store,4,39,,8
Walmart Canada,Drinks,Coffee,walmart.ca,https://www.walmart.ca/en/ip/folgers-caramel-drizzle-k-cup-coffee-pods-12-count/6000198399389,,"12 K-Cup Pods, 108 g",Walmart.ca > Household Supplies & Pantry > Drinks > Coffee > Coffee Pods,Folgers,Folgers Caramel Drizzle K-Cup Coffee Pods 12 Count,SKU:6000198399390,UPC:2550020191,ID:6000198399389,Walmart Item #:31559998,$7.94,,,,$7.35/100GR,"Indulge your taste buds in Folgers Caramel Drizzle K-Cup coffee. This rich and creamy blend has a hint of soft smooth caramel, followed by a calm and warming finish. Certified for Keurig K-Cup coffee brewers. Folgers is an iconic brand that has been brewing great-tasting coffee for over 165 years. Savour the fresh aroma of a perfectly brewed cup of Folgers Coffee.","• Rich and creamy coffee blend with hint of soft smooth caramel, followed by a calm and warming finish
• Made with 100% Arabica coffee beans
• Now in recyclable K-Cup pods!
• Easy to use recyclable K-Cup pods brew delicious coffee in under a minute 
• Folgers is an iconic coffee brand that has been brewing great-tasting coffee for over 165 years","[{""Product Type"":""Flavoured""},{""Decaffeinated"":""No""},{""Singleserve"":""No""},{""Storage Type"":""Shelf""},{""Walmart Exclusive"":""No""},{""Clearout Deal"":""No""},{""Lifestyle\/Dietary Need"":""No egg,No fish,No milk,No mustard,No sesame,No shellfish,No soy,No sulfite,No wheat,No lactose,Kosher,No added sugars,Vegan-friendly,Vegetarian-friendly""}]",https://i5.walmartimages.ca/images/Enlarge/023/077/6000203023077.jpg | https://i5.walmartimages.ca/images/Enlarge/022/786/6000203022786.jpg | https://i5.walmartimages.ca/images/Enlarge/023/115/6000203023115.jpg | https://i5.walmartimages.ca/images/Enlarge/023/123/6000203023123.jpg | https://i5.walmartimages.ca/images/Enlarge/788/100/6000198788100.jpg,5,Sold by Walmart,"Coffee, Natural and artificial flavour.","No egg,No fish,No milk,No mustard,No sesame,No shellfish,No soy,No sulfite,No wheat,No lactose,Kosher,No added sugars,Vegan-friendly,Vegetarian-friendly",Add to Cart; Find in Store,0,,,
Walmart Canada,Drinks,Coffee,walmart.ca,https://www.walmart.ca/en/ip/folgers-intensely-dark-ground-coffee-750g/6000152266029,,750 g,Walmart.ca > Household Supplies & Pantry > Drinks > Coffee > Ground Coffee,Folgers,Folgers Intensely Dark Ground Coffee 750g,SKU:10302605,UPC:2550001314,ID:6000152266029,Walmart Item #:30742416,$8.97,,,,$1.2/100GR,"Start your mornings with the smooth taste and eye-opening aroma of Folgers Ground Coffees. Discover our darkest roast yet - Folgers Intensely Dark coffee. It starts with an irresistibly rich aroma, and finishes with a complex, full-bodied flavour. Folgers is an iconic brand that has been brewing great-tasting coffee for over 165 years. Savour the fresh aroma of a perfectly brewed cup of Folgers Coffee.","• Deep and full-bodied
•A dark roast blend with a complex, full-bodied flavour.
• Folgers is an iconic brand that has been brewing great-tasting coffee for over 165 years.
• Made from Pure 100% Coffee 
• Savour the fresh aroma of a perfectly brewed cup of Folgers Coffee","[{""Flavour"":""Columbian""},{""Product Type"":""Dark Roast""},{""Decaffeinated"":""No""},{""Singleserve"":""No""},{""Storage Type"":""Shelf""},{""Clearout Deal"":""No""},{""Lifestyle\/Dietary Need"":""No egg,No fish,No milk,No mustard,No sesame,No shellfish,No soy,No sulfite,No wheat,No lactose,No artificials,Kosher,No added sugars,Paleo-friendly,Vegan-friendly,Vegetarian-friendly,Whole30-friendly""}]",https://i5.walmartimages.ca/images/Enlarge/426/762/6000201426762.jpg | https://i5.walmartimages.ca/images/Enlarge/426/764/6000201426764.jpg | https://i5.walmartimages.ca/images/Enlarge/595/741/6000198595741.jpg,3,Sold by Walmart,COFFEE,"No egg,No fish,No milk,No mustard,No sesame,No shellfish,No soy,No sulfite,No wheat,No lactose,No artificials,Kosher,No added sugars,Paleo-friendly,Vegan-friendly,Vegetarian-friendly,Whole30-friendly",Add to Cart; Find in Store,4.2,148,,
Walmart Canada,Drinks,Coffee,walmart.ca,https://www.walmart.ca/en/ip/kicking-horse-coffee-kicking-horse-coffee-decaf-dark-roast-whole-bean/6000196210632,,454 g - Whole Bean Coffee,Walmart.ca > Household Supplies & Pantry > Drinks > Coffee > Coffee Beans,Kicking Horse® Coffee,"Kicking Horse® Coffee Kicking Horse Coffee - Decaf - Dark Roast, Whole, Bean",SKU:6000196210633,UPC:62907010014,ID:6000196210632,Walmart Item #:30413383,$15.77,,,,$3.47/100GR,"A decaffeinated coffee should be exactly like every other one of our blends: deep, dark and delicious. And that’s what this is, a tip-top taste with a mellow finish. Enjoy!","• Dark Roast, Whole Bean Coffee
• Decaf, Swiss Water Process
• Origin: Central & South America
• Aroma: Deep chocolate with a nutty complexity
• Tasting Notes: Roasted hazelnuts, chocolaty balanced body and a long lasting finish
• 100% Arabica Beans
• Certified Fairtrade, Organic, Kosher
• Roasted in the Canadian Rocky Mountains
• Recommended Brew Methods: French press (coarse grind), Drip machine (medium grind), Pour over (medium-fine grind), Espresso (fine grind)","[{""Product Type"":""Dark Roast""},{""Decaffeinated"":""Yes""},{""Singleserve"":""No""},{""Storage Type"":""Shelf""},{""Clearout Deal"":""No""},{""Lifestyle\/Dietary Need"":""Organic,Kosher,Fair Trade""}]",https://i5.walmartimages.ca/images/Enlarge/100/146/999999-629070100146.jpg,1,Sold by Walmart,"100% certified Organic, Fairtrade, shade-grown Arabica, Canadian Rocky Mountain-roasted coffee","Organic,Kosher,Fair Trade",Add to Cart; Find in Store,5,3,,
Walmart Canada,Drinks,Coffee,walmart.ca,https://www.walmart.ca/en/ip/starbucks-house-blend-medium-roast-ground-coffee/6000188764239,,340g,Walmart.ca > Household Supplies & Pantry > Drinks > Coffee > Ground Coffee,Starbucks,STARBUCKS House Blend Medium Roast Ground Coffee,SKU:6000188764240,UPC:76211189853,ID:6000188764239,Walmart Item #:30305899,$11.67,,,,$3.43/100GR,"It’s deceptively simple – a blend with fine Latin American beans roasted to a glistening, dark chestnut colour. Loaded with flavour, balancing tastes of nut and cocoa, just a touch of sweetness from the roast. This coffee is our beginning, the very first blend we ever created for you back in 1971. A delightful cup of coffee, period. House Blend is a treat paired with a morning bun or blueberry scone. Made with the same high-quality 100% arabica beans we use in our cafés and grinded to a universal blend, this coffee is perfect to use in any drip machine, pour over or French press.","• 100% Arabica Coffee
• Rich & Lively
• Growing Region of Latin America
• Medium Roast","[{""Flavour"":""House blend""},{""Product Type"":""Medium Roast""},{""Decaffeinated"":""No""},{""Singleserve"":""No""},{""Storage Type"":""Shelf""},{""Clearout Deal"":""No""},{""Lifestyle\/Dietary Need"":""No egg,No fish,No milk,No mustard,No sesame,No shellfish,No soy,No sulfite,No wheat,No lactose,No artificials,No added sugars,Paleo-friendly,Vegan-friendly,Vegetarian-friendly,Whole30-friendly""}]",https://i5.walmartimages.ca/images/Enlarge/898/531/999999-762111898531.jpg | https://i5.walmartimages.ca/images/Enlarge/850/555/6000197850555.jpg | https://i5.walmartimages.ca/images/Enlarge/850/547/6000197850547.jpg,3,Sold by Walmart,GROUND 100% ARABICA COFFEE,"No egg,No fish,No milk,No mustard,No sesame,No shellfish,No soy,No sulfite,No wheat,No lactose,No artificials,No added sugars,Paleo-friendly,Vegan-friendly,Vegetarian-friendly,Whole30-friendly",Add to Cart; Find in Store,4.5,485,,
Walmart Canada,Drinks,Coffee,walmart.ca,https://www.walmart.ca/en/ip/great-value-hazelnut-flavoured-coffee-creamer/6000200367470,,GV Hazelnut Creamer 1L,Walmart.ca > Household Supplies & Pantry > Drinks > Coffee > Coffee Whiteners,Great Value,Great value Hazelnut Flavoured Coffee Creamer,SKU:6000200367471,UPC:62891583144,ID:6000200367470,Walmart Item #:30357383,$3.68,,,,$0.37/100ML,Great Value Coffee Creamer Hazelnut Bottle is a great addition to have added to your everyday coffee. Enjoy any part of the day.,"• Free from artificial flavours and colours
• Made with real cream
• Keep Refrigerated, consume within 7 days of opening
• Made in Canada from domestic and imported ingredients","[{""Milk Fat Description"":""Skim""},{""Product Type"":""Coffee Creamer""},{""Light"":""No""},{""Storage Type"":""Refrigerate""},{""Walmart Exclusive"":""Yes""},{""Clearout Deal"":""No""},{""Lifestyle\/Dietary Need"":""No artificials,Kosher,Vegetarian-friendly""}]",https://i5.walmartimages.ca/images/Enlarge/831/443/628915831443.jpg | https://i5.walmartimages.ca/images/Enlarge/44_/nft/62891583144_NFT.jpg | https://i5.walmartimages.ca/images/Enlarge/44_/nft/62891583144_NFT.jpg,3,Sold by Walmart,"Sugar, skim milk, cream, milk protein, natural flavour, soy lecithin, sodium citrate, carrageenan, dextrose, sodium phosphate, locust bean gum. Contains: milk, soy.","No artificials,Kosher,Vegetarian-friendly",Add to Cart; Find in Store,2.8,9,,
Walmart Canada,Drinks,Coffee,walmart.ca,https://www.walmart.ca/en/ip/great-value-medium-roast-decaffeinated-ground-coffee/6000198502875,,642 g,Walmart.ca > Household Supplies & Pantry > Drinks > Coffee > Ground Coffee,Great Value,Great Value Medium Roast Decaffeinated Ground Coffee,SKU:6000198502876,UPC:62891567028,ID:6000198502875,Walmart Item #:31575468,$6.84,,,,$1.07/100GR,Start every day off right when you savour a delicious cup of java made with Great Value Medium Roast Decaffeinated Ground Coffee.,,"[{""Product Type"":""Ground""},{""Decaffeinated"":""Yes""},{""Singleserve"":""No""},{""Storage Type"":""Shelf""},{""Walmart Exclusive"":""Yes""},{""Clearout Deal"":""No""},{""Lifestyle\/Dietary Need"":""No artificials,Kosher,No added sugars,Paleo-friendly,Vegan-friendly,Vegetarian-friendly,Whole30-friendly""}]",https://i5.walmartimages.ca/images/Enlarge/914/553/6000198914553.jpg,1,Sold by Walmart,Not Applicable,"No artificials,Kosher,No added sugars,Paleo-friendly,Vegan-friendly,Vegetarian-friendly,Whole30-friendly",Add to Cart; Find in Store,3.4,8,,
Walmart Canada,Drinks,Coffee,walmart.ca,https://www.walmart.ca/en/ip/kicking-horse-coffee-kick-ass-dark-roast-ground/6000196210639,,284 g - Ground Coffee,Walmart.ca > Household Supplies & Pantry > Drinks > Coffee > Ground Coffee,Kicking Horse® Coffee,"Kicking Horse Coffee - Kick Ass - Dark Roast, Ground",SKU:6000196210640,UPC:62907090013,ID:6000196210639,Walmart Item #:30413386,$11.94,,,,$4.2/100GR,"If there’s something worth doing, we think it’s worth doing great. This remarkable blend of beans is the spirit of Kicking Horse Coffee, and a bold invitation to wake up with us.","• Dark Roast, Ground Coffee
• Sweet, Smokey, Audacious
• Origin: Indonesia & South America
• Aroma: Smoky, sweet vanilla and dark chocolate
• Tasting Notes: Chocolate malt, molasses, licorice and an earthy lingering finish
• 100% Arabica Beans
• Certified Fairtrade, Organic, Kosher
• Roasted in the Canadian Rocky Mountains
• Recommended Brew Methods: Drip machine, Pour over","[{""Product Type"":""Dark Roast""},{""Decaffeinated"":""No""},{""Singleserve"":""No""},{""Storage Type"":""Shelf""},{""Clearout Deal"":""No""},{""Lifestyle\/Dietary Need"":""Organic,Kosher,Fair Trade""}]",https://i5.walmartimages.ca/images/Enlarge/900/135/999999-629070900135.jpg,1,Sold by Walmart,"100% certified Organic, Fairtrade, shade-grown Arabica, Canadian Rocky Mountain-roasted coffee","Organic,Kosher,Fair Trade",Add to Cart; Find in Store,4.7,153,,
Walmart Canada,Drinks,Coffee,walmart.ca,https://www.walmart.ca/en/ip/tim-hortons-instant-coffee-dark-100-gr/6000201018542,,100g,Walmart.ca > Household Supplies & Pantry > Drinks > Coffee > Instant Coffee,Tim Hortons,TIM HORTONS INSTANT COFFEE DARK 100 GR,SKU:6000201018543,UPC:6320914642,ID:6000201018542,Walmart Item #:30351455,$6.44,,,,$6.44/100GR,"Tim Hortons® Dark Roast Instant Coffee is made with 100% Arabica beans selected from the world’s most renowned coffee growing regions. This premium blend is roasted with care to deliver a rich and full flavoured dark roast coffee, with a smooth finish.",,"[{""Product Type"":""Dark Roast""},{""Decaffeinated"":""No""},{""Storage Type"":""Shelf""},{""Clearout Deal"":""No""},{""Lifestyle\/Dietary Need"":""No egg,No fish,No milk,No mustard,No sesame,No shellfish,No soy,No sulfite,No wheat,No lactose,No artificials,No added sugars,Paleo-friendly,Vegan-friendly,Vegetarian-friendly,Whole30-friendly""}]",https://i5.walmartimages.ca/images/Enlarge/465/178/6000201465178.jpg,1,Sold by Walmart,100% ARABICA COFFEE.,"No egg,No fish,No milk,No mustard,No sesame,No shellfish,No soy,No sulfite,No wheat,No lactose,No artificials,No added sugars,Paleo-friendly,Vegan-friendly,Vegetarian-friendly,Whole30-friendly",Add to Cart; Find in Store,5,1,,
Walmart Canada,Drinks,Coffee,walmart.ca,https://www.walmart.ca/en/ip/ethical-bean-fairtrade-organic-coffee-lush-medium-dark-roast-whole-bean-coffee/6000202633730,,907g,Walmart.ca > Household Supplies & Pantry > Drinks > Coffee > Coffee Beans,Ethical Bean,"Ethical Bean Fairtrade Organic Coffee, Lush Medium Dark Roast, Whole Bean Coffee",SKU:6000202633731,UPC:84163100015,ID:6000202633730,Walmart Item #:31132373,$18.97,,,,$2.09/100GR,"Every delicious cup of Ethical Bean coffee has been crafted with one simple objective in mind: to make the best fairtrade organic coffee on the planet. Period. Because as far as we’re concerned, doing something good should be rewarded with something that tastes spectacular.","•One 907g bag of Ethical Bean Lush whole bean medium dark roast coffee
•Trace this coffee's unique journey by scanning the QR code on each pack with our free app or enter the lot number into our website
•100% Fairtrade certified coffee
•100% certified organic
•100% Arabica coffee","[{""Product Type"":""Dark Roast""},{""Decaffeinated"":""No""},{""Singleserve"":""No""},{""Storage Type"":""Shelf""},{""Clearout Deal"":""No""},{""Lifestyle\/Dietary Need"":""No egg,No fish,No milk,No mustard,No sesame,No shellfish,No soy,No sulfite,No wheat,No lactose,No artificials,No added sugars,Organic,Vegan-friendly,Vegetarian-friendly""}]",https://i5.walmartimages.ca/images/Enlarge/659/201/6000202659201.jpg | https://i5.walmartimages.ca/images/Enlarge/659/200/6000202659200.jpg | https://i5.walmartimages.ca/images/Enlarge/659/202/6000202659202.jpg,3,Sold by Walmart,WHOLE BEAN ARABICA COFFEE,"No egg,No fish,No milk,No mustard,No sesame,No shellfish,No soy,No sulfite,No wheat,No lactose,No artificials,No added sugars,Organic,Vegan-friendly,Vegetarian-friendly",Add to Cart; Find in Store,0,,,
Walmart Canada,Drinks,Coffee,walmart.ca,https://www.walmart.ca/en/ip/nabob-breakfast-blend-coffee-100-compostable-pods/6000201704043,,"292g, 30 Pods",Walmart.ca > Household Supplies & Pantry > Drinks > Coffee > Coffee Pods,Nabob,Nabob Breakfast Blend Coffee 100% Compostable Pods,SKU:6000201704044,UPC:6020001004,ID:6000201704043,Walmart Item #:30872678,$16.47,$13.97,,$Rollback,$4.78/100GR,Nabob Breakfast Blend Coffee Pods are made with 100% Arabica beans and create a mellow cup of this lighter-bodied blend first thing in the morning. The pleasant floral notes will gently rouse you in preparation for anything that may come your way.,"•One 292G box of Nabob Breakfast Blend Coffee Single Serve Pods (30 pods)
•Made with 100% Arabica beans
•Nabob Coffee is Rainforest Certified
•Zero Waste - pods are compostable and packaging is recyclable","[{""Product Type"":""Pods""},{""Decaffeinated"":""No""},{""Singleserve"":""Yes""},{""Storage Type"":""Shelf""},{""Clearout Deal"":""No""},{""Lifestyle\/Dietary Need"":""No egg,No fish,No milk,No mustard,No sesame,No shellfish,No soy,No sulfite,No wheat,No lactose,No artificials,Kosher,No added sugars,Paleo-friendly,Vegan-friendly,Vegetarian-friendly,Whole30-friendly""}]",https://i5.walmartimages.ca/images/Enlarge/820/860/6000201820860.jpg | https://i5.walmartimages.ca/images/Enlarge/820/889/6000201820889.jpg | https://i5.walmartimages.ca/images/Enlarge/820/863/6000201820863.jpg | https://i5.walmartimages.ca/images/Enlarge/316/257/6000202316257.jpg | https://i5.walmartimages.ca/images/Enlarge/316/264/6000202316264.jpg | https://i5.walmartimages.ca/images/Enlarge/316/249/6000202316249.jpg | https://i5.walmartimages.ca/images/Enlarge/316/245/6000202316245.jpg | https://i5.walmartimages.ca/images/Enlarge/316/233/6000202316233.jpg,8,Sold by Walmart,Coffee.,"No egg,No fish,No milk,No mustard,No sesame,No shellfish,No soy,No sulfite,No wheat,No lactose,No artificials,Kosher,No added sugars,Paleo-friendly,Vegan-friendly,Vegetarian-friendly,Whole30-friendly",Add to Cart; Find in Store,4,39,,8
Walmart Canada,Drinks,Coffee,walmart.ca,https://www.walmart.ca/en/ip/our-finest-caramel-k-cup-coffee/6000194959537,,"12 K-Cup pods®, 114 g",Walmart.ca > Household Supplies & Pantry > Drinks > Coffee > Coffee Pods,Our Finest,Our Finest Caramel K-Cup Coffee,SKU:6000194959538,UPC:62891522444,ID:6000194959537,Walmart Item #:30096611,$6.97,,,,$0.58/1EA,"Available in quick and convenient, single serve K-Cup® pods, Our Finest™ Salted Caramel Flavoured Coffee is a light woodsy coffee enhanced with the flavour of sweet, salted caramel. Naturally flavoured and made from 100% Arabica beans, each cup is perfectly exquisite.",,"[{""Product Type"":""Flavoured""},{""Decaffeinated"":""No""},{""Singleserve"":""No""},{""Storage Type"":""Shelf""},{""Walmart Exclusive"":""Yes""},{""Clearout Deal"":""No""},{""Lifestyle\/Dietary Need"":""No artificials,Kosher,No added sugars,Paleo-friendly,Vegan-friendly,Vegetarian-friendly,Whole30-friendly""}]",https://i5.walmartimages.ca/images/Enlarge/665/327/6000196665327.jpg | https://i5.walmartimages.ca/images/Enlarge/279/088/6000200279088.jpg | https://i5.walmartimages.ca/images/Enlarge/314/914/6000200314914.jpg | https://i5.walmartimages.ca/images/Enlarge/314/917/6000200314917.jpg,4,Sold by Walmart,"Arabica coffee, flavour.","No artificials,Kosher,No added sugars,Paleo-friendly,Vegan-friendly,Vegetarian-friendly,Whole30-friendly",Add to Cart; Find in Store,5,2,,
Walmart Canada,Drinks,Coffee,walmart.ca,https://www.walmart.ca/en/ip/starbucks-caramel-flavoured-ground-coffee-311g-bag/6000198123832,,311 GR,Walmart.ca > Household Supplies & Pantry > Drinks > Coffee > Ground Coffee,Starbucks,STARBUCKS® Caramel Flavoured Ground Coffee 311g Bag,SKU:6000198123833,UPC:76211198533,ID:6000198123832,Walmart Item #:31510105,$11.67,,,,$3.75/100GR,"So simple. So sweet. Caramel adds just the right touch of richness to every cup. Our blend of caramel flavour with a medium-roasted coffee creates moments to savour from the brewing aroma to the very last sip. Made with the same high-quality 100% arabica beans we use in our cafés and grinded to a universal blend, this coffee is perfect to use in any drip machine, pour over or French press.","• 100% Arabica Coffee
• Buttery & Smooth
• Growing Region of Latin America
• Medium Roast","[{""Product Type"":""Flavoured""},{""Decaffeinated"":""No""},{""Singleserve"":""No""},{""Storage Type"":""Shelf""},{""Clearout Deal"":""No""},{""Lifestyle\/Dietary Need"":""No egg,No fish,No milk,No mustard,No sesame,No shellfish,No soy,No sulfite,No wheat,No lactose,No added sugars,Vegan-friendly,Vegetarian-friendly""}]",https://i5.walmartimages.ca/images/Enlarge/125/642/6000198125642.jpg | https://i5.walmartimages.ca/images/Enlarge/125/643/6000198125643.jpg | https://i5.walmartimages.ca/images/Enlarge/125/644/6000198125644.jpg,3,Sold by Walmart,FLAVOURED GROUND COFFEE,"No egg,No fish,No milk,No mustard,No sesame,No shellfish,No soy,No sulfite,No wheat,No lactose,No added sugars,Vegan-friendly,Vegetarian-friendly",Add to Cart; Find in Store,4,26,,
Walmart Canada,Drinks,Coffee,walmart.ca,https://www.walmart.ca/en/ip/starbucks-french-roast-dark-roast-ground-coffee-k-cup-pods-24-ct-box/6000198502885,,24 EA,Walmart.ca > Household Supplies & Pantry > Drinks > Coffee > Coffee Pods,Starbucks,STARBUCKS® French Roast Dark Roast Ground Coffee K-Cup® Pods 24 ct Box,SKU:6000198502886,UPC:76211128202,ID:6000198502885,Walmart Item #:31575447,$22.47,,,,,"Muted with oil, the tumbling beans become eerily silent. A master roaster watches, knowing that if he pushes them a second too long, they'll burst into flame. White smoke hangs down as the glistening beans turn ebony. This is French Roast, and you can't roast it darker. Straightforward, light-bodied with low acidity, and immensely popular since 1971, our darkest roast is adored for its intense smokiness. Designed for use with the Keurig® Single Cup Brewing System to provide a premium brewed coffee experience in less than a minute—without the mess.","• 100% Arabica Coffee
• Intense & Smokey
• Multi-Growing Region, Latin America & Asia Pacific
• Dark Roast","[{""Product Type"":""Dark Roast""},{""Decaffeinated"":""No""},{""Singleserve"":""Yes""},{""Storage Type"":""Shelf""},{""Clearout Deal"":""No""},{""Lifestyle\/Dietary Need"":""No egg,No fish,No milk,No mustard,No sesame,No shellfish,No soy,No sulfite,No wheat,No lactose,No artificials,No added sugars,Paleo-friendly,Vegan-friendly,Vegetarian-friendly,Whole30-friendly""}]",https://i5.walmartimages.ca/images/Enlarge/819/642/6000198819642.jpg | https://i5.walmartimages.ca/images/Enlarge/819/644/6000198819644.jpg | https://i5.walmartimages.ca/images/Enlarge/819/645/6000198819645.jpg | https://i5.walmartimages.ca/images/Enlarge/819/646/6000198819646.jpg | https://i5.walmartimages.ca/images/Enlarge/819/647/6000198819647.jpg | https://i5.walmartimages.ca/images/Enlarge/928/614/6000203928614.jpg | https://i5.walmartimages.ca/images/Enlarge/928/616/6000203928616.jpg | https://i5.walmartimages.ca/images/Enlarge/819/643/6000198819643.jpg,8,Sold by Walmart,COFFEE,"No egg,No fish,No milk,No mustard,No sesame,No shellfish,No soy,No sulfite,No wheat,No lactose,No artificials,No added sugars,Paleo-friendly,Vegan-friendly,Vegetarian-friendly,Whole30-friendly",Add to Cart; Find in Store,4.7,878,,
Walmart Canada,Drinks,Coffee,walmart.ca,https://www.walmart.ca/en/ip/tassimo-nabob-cappuccino-coffee-single-serve-t-discs/6000196720831,,8 Cappuccinos,Walmart.ca > Household Supplies & Pantry > Drinks > Coffee > Coffee Pods,Tassimo,Tassimo Nabob Cappuccino Coffee Single Serve T-Discs,SKU:6000196720832,UPC:6020000188,ID:6000196720831,Walmart Item #:31325367,$8.27,,,,$3.14/100GR,"With Tassimo Nabob Cappuccino T-Discs you can now enjoy an authentic café quality cappuccino at home. So, put your day on hold and lose yourself in a delicious Nabob Cappuccino. This indulgent beverage features a heavenly combination of intensely dark espresso and hot foamed milk.","• One 263G bag of Tassimo Nabob Cappuccino Coffee T-Discs
• 8 milk t-discs and 8 espresso t-discs (8 total cappuccinos)
• Makes 8 fl oz/240 ml cappuccino drink
• T-Discs are compatible with Tassimo brewers","[{""Product Type"":""Pods""},{""Decaffeinated"":""No""},{""Singleserve"":""Yes""},{""Storage Type"":""Shelf""},{""Clearout Deal"":""No""},{""Lifestyle\/Dietary Need"":""No egg,No fish,No mustard,No sesame,No shellfish,No soy,No sulfite,No wheat,No artificials,Vegetarian-friendly""}]",https://i5.walmartimages.ca/images/Enlarge/001/887/999999-00060200001887.jpg | https://i5.walmartimages.ca/images/Enlarge/285/711/6000200285711.jpg | https://i5.walmartimages.ca/images/Enlarge/285/656/6000200285656.jpg | https://i5.walmartimages.ca/images/Enlarge/285/707/6000200285707.jpg | https://i5.walmartimages.ca/images/Enlarge/760/988/6000200760988.jpg | https://i5.walmartimages.ca/images/Enlarge/760/988/6000200760988.jpg,6,Sold by Walmart,"INGREDIENTS: CONCENTRATED MILK, ROAST AND GROUND ARABICA COFFEE, WATER, SUGAR, SALT, SODIUM PHOSPHATE.","No egg,No fish,No mustard,No sesame,No shellfish,No soy,No sulfite,No wheat,No artificials,Vegetarian-friendly",Add to Cart; Find in Store,4.5,165,,8
Walmart Canada,Drinks,Coffee,walmart.ca,https://www.walmart.ca/en/ip/starbucks-by-nespresso-single-origin-colombia/6000202651444,,57g,Walmart.ca > Household Supplies & Pantry > Drinks > Coffee > Coffee Pods,Starbucks,Starbucks By Nespresso Single Origin Colombia,SKU:6000202651445,UPC:761303817587,ID:6000202651444,Walmart Item #:31138742,$8.97,,,,$897/100GR,"The Starbucks Coffee Roast: Each coffee requires a slightly different roast to reach its peak of aorma, acidity, body and flavour. We classify our coffee in three roast profiles, so finding your favourite is easy. Single Origin Colombia, toasted walnut & herbs notes","• Toasted Walnut & Herns Notes
• 100% Arabica Coffee
• Medium Roast
• Intensity:7
• Aluminum capsules for Nespresso Original System","[{""Product Type"":""Pods""},{""Decaffeinated"":""No""},{""Singleserve"":""No""},{""Storage Type"":""Shelf""},{""Clearout Deal"":""No""},{""Lifestyle\/Dietary Need"":""""}]",https://i5.walmartimages.ca/images/Enlarge/776/366/6000202776366.jpg | https://i5.walmartimages.ca/images/Enlarge/776/373/6000202776373.jpg | https://i5.walmartimages.ca/images/Enlarge/776/357/6000202776357.jpg | https://i5.walmartimages.ca/images/Enlarge/776/371/6000202776371.jpg,4,Sold by Walmart,100% arabica coffee,,Add to Cart; Find in Store,0,,,
Walmart Canada,Drinks,Coffee,walmart.ca,https://www.walmart.ca/en/ip/melitta-hazelnut-cream-whole-bean-coffee/6000016948455,,907 g,Walmart.ca > Household Supplies & Pantry > Drinks > Coffee > Coffee Beans,Melitta,Melitta Hazelnut Cream Whole Bean Coffee,SKU:205906,UPC:5543760775,ID:6000016948455,Walmart Item #:9225608,$15.97,,,,$1.76/100GR,"Flavored Coffee (Artificially & Naturally Flavored)
Envelop your senses with the delicate aroma and flavour of Melitta's Hazelnut Crème coffee. Mellow, with a rich, nutty flavor, this whole bean coffee delivers a sweet treat every time.
Our whole bean coffees are 100% high altitude Arabica coffee beans, representing some of the very best coffee beans in the world. Melitta offers a truly world-class collection of premium coffees each distinctively rich, uniquely flavorful, and velvety smooth.",,"[{""Flavour"":""Hazelnut""},{""Product Type"":""Medium Roast""},{""Decaffeinated"":""No""},{""Singleserve"":""No""},{""Storage Type"":""Shelf""},{""Clearout Deal"":""No""},{""Lifestyle\/Dietary Need"":""No egg,No fish,No mustard,No sesame,No shellfish,No soy,No sulfite,No wheat,Kosher,No added sugars,Vegetarian-friendly""}]",https://i5.walmartimages.ca/images/Enlarge/760/775/999999-5543760775.jpg | https://i5.walmartimages.ca/images/Enlarge/077/5_1/999999-5543760775_1.jpg | https://i5.walmartimages.ca/images/Enlarge/077/5_2/999999-5543760775_2.jpg | https://i5.walmartimages.ca/images/Enlarge/077/5_3/999999-5543760775_3.jpg | https://i5.walmartimages.ca/images/Enlarge/077/5_4/999999-5543760775_4.jpg | https://i5.walmartimages.ca/images/Enlarge/077/5_4/999999-5543760775_4.jpg | https://i5.walmartimages.ca/images/Enlarge/077/5_5/999999-5543760775_5.jpg | https://i5.walmartimages.ca/images/Enlarge/077/5_7/999999-5543760775_7.jpg,8,Sold by Walmart,"Espresso/Colombian/Dark:  100 % Arabica Coffee. French Vanilla / Hazelnut Crème: 100% Arabica Coffee, Artificial Flavours, Natural Flavors.","No egg,No fish,No mustard,No sesame,No shellfish,No soy,No sulfite,No wheat,Kosher,No added sugars,Vegetarian-friendly",Add to Cart; Find in Store,5,10,,
Walmart Canada,Drinks,Coffee,walmart.ca,https://www.walmart.ca/en/ip/tassimo-nabob-breakfast-blend-coffee-single-serve-t-discs/6000045061034,,14 T-Discs,Walmart.ca > Household Supplies & Pantry > Drinks > Coffee > Coffee Pods,Tassimo,Tassimo Nabob Breakfast Blend Coffee Single Serve T-Discs,SKU:10138919,UPC:6020098773,ID:6000045061034,Walmart Item #:9282258,$8.27,,,,$0.59/1EA,"Tassimo Nabob Breakfast Blend Coffee T-Discs are designed to be the best first cup of morning coffee you've ever had. This 100% Arabica bean lighter-bodied blend is perfect for waking up in the early mornings, with a mellow flavour and bright finish.","• One 123G bag of Tassimo Nabob Breakfast Blend Coffee T-Discs (14 t-discs)
• Made with 100% Arabica beans
• Nabob Coffee is Rainforest Certified
• T-Discs are compatible with Tassimo brewers","[{""Flavour"":""Other""},{""Product Type"":""Pods""},{""Decaffeinated"":""No""},{""Singleserve"":""Yes""},{""Storage Type"":""Shelf""},{""Clearout Deal"":""No""},{""Lifestyle\/Dietary Need"":""No egg,No fish,No milk,No mustard,No sesame,No shellfish,No soy,No sulfite,No wheat,No lactose,No artificials,Kosher,No added sugars,Paleo-friendly,Vegan-friendly,Vegetarian-friendly,Whole30-friendly""}]",https://i5.walmartimages.ca/images/Enlarge/119/743/119743.jpg | https://i5.walmartimages.ca/images/Enlarge/285/743/6000200285743.jpg | https://i5.walmartimages.ca/images/Enlarge/285/741/6000200285741.jpg | https://i5.walmartimages.ca/images/Enlarge/285/668/6000200285668.jpg,4,Sold by Walmart,INGREDIENT: 100% ARABICA COFFEE.,"No egg,No fish,No milk,No mustard,No sesame,No shellfish,No soy,No sulfite,No wheat,No lactose,No artificials,Kosher,No added sugars,Paleo-friendly,Vegan-friendly,Vegetarian-friendly,Whole30-friendly",Add to Cart; Find in Store,4.5,165,,8
Walmart Canada,Drinks,Coffee,walmart.ca,https://www.walmart.ca/en/ip/tim-hortons-dark-roast-fine-grind-coffee/6000194640050,,300 g,Walmart.ca > Grocery > Drinks > Coffee > Ground Coffee,Tim Hortons,Tim Hortons Dark Roast Fine Grind Coffee,SKU:6000194640051,UPC:6320908227,ID:6000194640050,Walmart Item #:31167230,$7.78,,,,$2.59/100GR,"Since 1964, we have been committed to serving a great cup of coffee. Tim Hortons Dark Roast Coffee is made with 100% Arabica beans selected from the worlds most renowned coffee growing regions. This premium blend coffee is roasted with care to deliver a rich & full flavoured dark roast coffee, with a smooth finish. Our rich and full flavoured dark roast coffee with a smooth finish.","DIRECTIONS:
• For best results, measure two (2) level tablespoons of Tim Hortons coffee for every 250 mL (8 oz) of fresh cold water
• Water and coffee maker conditions may vary
• Adjust to taste
• Once opened seal tightly and store in a cool dry place
• For optimal freshness use within 2 weeks
• For use in automatic filter coffee makers","[{""Flavour"":""Other""},{""Product Type"":""Dark Roast""},{""Decaffeinated"":""No""},{""Singleserve"":""No""},{""Storage Type"":""Shelf""},{""Clearout Deal"":""No""},{""Lifestyle\/Dietary Need"":""No egg,No fish,No milk,No mustard,No sesame,No shellfish,No soy,No sulfite,No wheat,No lactose,No artificials,No added sugars,Paleo-friendly,Vegan-friendly,Vegetarian-friendly,Whole30-friendly""}]",https://i5.walmartimages.ca/images/Enlarge/075/611/6000201075611.jpg,1,Sold by Walmart,Arabica coffee.,"No egg,No fish,No milk,No mustard,No sesame,No shellfish,No soy,No sulfite,No wheat,No lactose,No artificials,No added sugars,Paleo-friendly,Vegan-friendly,Vegetarian-friendly,Whole30-friendly",Add to Cart; Find in Store,4.8,25,,
Walmart Canada,Drinks,Coffee,walmart.ca,https://www.walmart.ca/en/ip/nescaf-gold-dark-roast-instant-and-roast-ground-coffee-100-g/6000197843968,,100 GR,Walmart.ca > Household Supplies & Pantry > Drinks > Coffee > Instant Coffee,NESCAFÉ,NESCAFÉ GOLD™ Dark Roast Instant and Roast & Ground Coffee 100 g,SKU:6000197843969,UPC:5500037775,ID:6000197843968,Walmart Item #:30324936,$5.97,,,,$5.97/100GR,"Exceed all expectations when it comes to instant coffee with new NESCAFÉ GOLD™ Dark Roast Instant and Roast & Ground Coffee (100 g). This rich and full-bodied premium coffee is full of bold flavours and strong toasted notes. The secret to our coffee is our micro grind process, which takes Arabica beans and grinds them 10 times finer than regular coffee to unlock their hidden taste and the true soul of the bean. Prepare for an instant coffee that’s extraordinary and unlike any other.","• Blended with premium, hand-picked Arabica beans, ground 10 times finer than regular coffee.
• A dark roast coffee full of strong toasted notes.
• Easy to adjust to taste so you can experiment and customize to your perfect cup..
• A high-quality coffee that will exceed any expectations you have for instant coffee.
• Made with the passion you can expect with hand-picked coffee beans.","[{""Product Type"":""Dark Roast""},{""Decaffeinated"":""No""},{""Singleserve"":""No""},{""Storage Type"":""Shelf""},{""Clearout Deal"":""No""},{""Lifestyle\/Dietary Need"":""No egg,No fish,No milk,No mustard,No sesame,No shellfish,No soy,No sulfite,No wheat,No lactose,No artificials,No added sugars,Paleo-friendly,Vegan-friendly,Vegetarian-friendly,Whole30-friendly""}]",https://i5.walmartimages.ca/images/Enlarge/941/390/6000197941390.jpg | https://i5.walmartimages.ca/images/Enlarge/941/383/6000197941383.jpg | https://i5.walmartimages.ca/images/Enlarge/941/381/6000197941381.jpg | https://i5.walmartimages.ca/images/Enlarge/941/393/6000197941393.jpg | https://i5.walmartimages.ca/images/Enlarge/941/384/6000197941384.jpg | https://i5.walmartimages.ca/images/Enlarge/749/684/6000201749684.jpg,6,Sold by Walmart,"INSTANT COFFEE, ROAST AND GROUND COFFEE.","No egg,No fish,No milk,No mustard,No sesame,No shellfish,No soy,No sulfite,No wheat,No lactose,No artificials,No added sugars,Paleo-friendly,Vegan-friendly,Vegetarian-friendly,Whole30-friendly",Add to Cart; Find in Store,3.7,3083,,
Walmart Canada,Drinks,Coffee,walmart.ca,https://www.walmart.ca/en/ip/tassimo-nabob-100-colombian-coffee-single-serve-t-discs/6000016955868,,14 T-Discs,Walmart.ca > Household Supplies & Pantry > Drinks > Coffee > Coffee Pods,Tassimo,Tassimo Nabob 100% Colombian Coffee Single Serve T-Discs,SKU:206402,UPC:6020098790,ID:6000016955868,Walmart Item #:9288886,$8.27,,,,$0.59/1EA,"Tassimo Nabob 100% Colombian Coffee T-Discs deliver Nabob's locally-sourced coffee beans in a convenient format. Made with 100% arabica beans. For an unmatched aromatic finish, brew a cup of this bright citrusy medium roast and indulge in the exceptional flavour.","• One 110G bag of Tassimo Nabob 100% Colombian Coffee T-Discs (14 t-discs)
• Each T-Disc makes one 8 fl oz/236 ml cup of coffee
• Medium roast coffee
• Nabob Coffee is Rainforest Alliance Certified","[{""Flavour"":""Columbian""},{""Product Type"":""Pods""},{""Decaffeinated"":""No""},{""Singleserve"":""Yes""},{""Storage Type"":""Shelf""},{""Clearout Deal"":""No""},{""Lifestyle\/Dietary Need"":""No egg,No fish,No milk,No mustard,No sesame,No shellfish,No soy,No sulfite,No wheat,No lactose,No artificials,Kosher,No added sugars,Paleo-friendly,Vegan-friendly,Vegetarian-friendly,Whole30-friendly""}]",https://i5.walmartimages.ca/images/Enlarge/119/748/119748.jpg | https://i5.walmartimages.ca/images/Enlarge/285/701/6000200285701.jpg | https://i5.walmartimages.ca/images/Enlarge/285/674/6000200285674.jpg | https://i5.walmartimages.ca/images/Enlarge/285/666/6000200285666.jpg,4,Sold by Walmart,INGREDIENT: 100% ARABICA COFFEE.,"No egg,No fish,No milk,No mustard,No sesame,No shellfish,No soy,No sulfite,No wheat,No lactose,No artificials,Kosher,No added sugars,Paleo-friendly,Vegan-friendly,Vegetarian-friendly,Whole30-friendly",Add to Cart; Find in Store,4.4,219,,8
Walmart Canada,Drinks,Coffee,walmart.ca,https://www.walmart.ca/en/ip/folgers-lively-colombian-decaf-k-cup-coffee-pods-12-count/6000198398826,,"12 K-Cup Pods, 108 g",Walmart.ca > Household Supplies & Pantry > Drinks > Coffee > Coffee Pods,Folgers,Folgers Lively Colombian Decaf K-Cup Coffee Pods 12 Count,SKU:6000198398827,UPC:2550020074,ID:6000198398826,Walmart Item #:31559997,$7.94,,,,$7.35/100GR,"Our distinctively rich, decaffeinated Lively Colombian coffee in K-Cup pods, full-bodied and made with 100% Colombian beans. Certified for Keurig K-Cup coffee brewers. Folgers is an iconic brand that has been brewing great-tasting coffee for over 165 years. Savour the fresh aroma of a perfectly brewed cup of Folgers Coffee.","• Made with 100% Colombian coffee beans
• Medium Roast coffee with a distrincitly rich and full-bodied taste  
• Same delicious taste as Folgers Lively Colombian coffee - without the caffine. 
• Easy to use recyclable Keurig K-Cup pods brew delicious coffee in under a minute 
• Folgers is an iconic coffee brand that has been brewing great-tasting coffee for over 165 years","[{""Product Type"":""Medium Roast""},{""Decaffeinated"":""Yes""},{""Singleserve"":""No""},{""Storage Type"":""Shelf""},{""Walmart Exclusive"":""No""},{""Clearout Deal"":""No""},{""Lifestyle\/Dietary Need"":""No egg,No fish,No milk,No mustard,No sesame,No shellfish,No soy,No sulfite,No wheat,No lactose,No artificials,No added sugars,Paleo-friendly,Vegan-friendly,Vegetarian-friendly,Whole30-friendly""}]",https://i5.walmartimages.ca/images/Enlarge/021/959/6000203021959.jpg | https://i5.walmartimages.ca/images/Enlarge/022/082/6000203022082.jpg | https://i5.walmartimages.ca/images/Enlarge/022/111/6000203022111.jpg,3,Sold by Walmart,DECAFFEINATED COFFEE. DECAFFEINATED WITH METHYLENE CHLORIDE.,"No egg,No fish,No milk,No mustard,No sesame,No shellfish,No soy,No sulfite,No wheat,No lactose,No artificials,No added sugars,Paleo-friendly,Vegan-friendly,Vegetarian-friendly,Whole30-friendly",Add to Cart; Find in Store,0,,,
Walmart Canada,Drinks,Coffee,walmart.ca,https://www.walmart.ca/en/ip/tassimo-nabob-caf-crema-single-serve-t-discs/6000045061099,,14 T-Discs,Walmart.ca > Household Supplies & Pantry > Drinks > Coffee > Coffee Pods,Tassimo,Tassimo Nabob Café Crema Single Serve T-Discs,SKU:10139000,UPC:6020098786,ID:6000045061099,Walmart Item #:9288900,$8.27,,,,$0.59/1EA,"Tassimo Nabob Café Crema T-Discs make a full size cup of coffee with a layer of rich, golden foam known as \""crema\"". Whether mid-morning, with friends, or after dinner, Tassimo Nabob Café Crema is an everyday indulgence worth making time for.","• One 110G bag of Tassimo Nabob Café Crema T-Discs (14 t-discs)
• Each T-Disc makes one 8 fl oz/236 ml coffee
• Bold roast coffee
• Nabob Coffee is Rainforest Alliance Certified","[{""Flavour"":""Other""},{""Product Type"":""Pods""},{""Decaffeinated"":""No""},{""Singleserve"":""Yes""},{""Storage Type"":""Shelf""},{""Clearout Deal"":""No""},{""Lifestyle\/Dietary Need"":""No egg,No fish,No milk,No mustard,No sesame,No shellfish,No soy,No sulfite,No wheat,No lactose,No artificials,Kosher,No added sugars,Paleo-friendly,Vegan-friendly,Vegetarian-friendly,Whole30-friendly""}]",https://i5.walmartimages.ca/images/Enlarge/119/745/119745.jpg | https://i5.walmartimages.ca/images/Enlarge/285/759/6000200285759.jpg | https://i5.walmartimages.ca/images/Enlarge/285/643/6000200285643.jpg | https://i5.walmartimages.ca/images/Enlarge/285/705/6000200285705.jpg,4,Sold by Walmart,INGREDIENTS: 100% ARABICA COFFEE.,"No egg,No fish,No milk,No mustard,No sesame,No shellfish,No soy,No sulfite,No wheat,No lactose,No artificials,Kosher,No added sugars,Paleo-friendly,Vegan-friendly,Vegetarian-friendly,Whole30-friendly",Add to Cart; Find in Store,4.5,165,,8
Walmart Canada,Drinks,Coffee,walmart.ca,https://www.walmart.ca/en/ip/nescaf-gold-origins-colombia-coffee-95-g/6000200981342,,95 GR,Walmart.ca > Grocery > Drinks > Coffee > Instant Coffee,NESCAFÉ,NESCAFÉ GOLD ORIGINS® Colombia Coffee 95 g,SKU:6000200981343,UPC:5500038399,ID:6000200981342,Walmart Item #:30118993,$7.47,,,,$7.86/100GR,"Enjoy a cup of NESCAFÉ GOLD ORIGINS® Colombia Coffee (95 g), a delicious coffee brew that exceeds all expectations when it comes to instant coffee. Sustainably sourced from some of the finest coffee growing regions of Colombia, this premium, single origin coffee brews a medium-bodied cup with a juicy, fruity flavour. It’s expertly crafted with a flavour profile that delights the senses, so you can enjoy the perfect cup – every time. Sit back and savour the extraordinary experience that’s unlike any other.","• NESCAFÉ GOLD ORIGINS® Colombia Coffee (95 g) is a medium-bodied profile with a juicy and fruity flavour
• A high-quality coffee that will exceed any expectations you have for instant coffee
• Passionately crafted with single origin Arabica coffee beans from South America
• Responsibly grown coffee through sustainable farming practices","[{""Product Type"":""Instant""},{""Decaffeinated"":""No""},{""Storage Type"":""Shelf""},{""Clearout Deal"":""No""},{""Lifestyle\/Dietary Need"":""""}]",https://i5.walmartimages.ca/images/Enlarge/220/137/6000201220137.jpg | https://i5.walmartimages.ca/images/Enlarge/927/351/6000203927351.jpg | https://i5.walmartimages.ca/images/Enlarge/927/355/6000203927355.jpg,3,Sold by Walmart,Instant Coffee.,,Add to Cart; Find in Store,4,5326,,
Walmart Canada,Drinks,Coffee,walmart.ca,https://www.walmart.ca/en/ip/lavazza-espresso-decaffeinated/6000198525480,,"Ground Espresso, 227g tin",Walmart.ca > Grocery > Drinks > Coffee > Ground Coffee,Lavazza,Lavazza Espresso Decaffeinated,SKU:6000198525481,UPC:4195301108,ID:6000198525480,Walmart Item #:30291486,$7.97,,,,$3.51/100GR,"This blend comes from Central America with full-bodied and sweet, long lasting flavour. Lavazza distinct decaffeination process keeps blend’s distinctive characteristics.","• 100% Arabica
• Full-bodied flavour with thick crema
• Suitable for use in all types of coffee makers","[{""Product Type"":""Espresso""},{""Decaffeinated"":""Yes""},{""Singleserve"":""No""},{""Storage Type"":""Shelf""},{""International Foods"":""Italian""},{""Clearout Deal"":""No""},{""Lifestyle\/Dietary Need"":""No egg,No fish,No milk,No mustard,No sesame,No shellfish,No soy,No sulfite,No wheat,No lactose,No artificials,Kosher,No added sugars,Paleo-friendly,Vegan-friendly,Vegetarian-friendly,Whole30-friendly""}]",https://i5.walmartimages.ca/images/Enlarge/611/715/6000198611715.jpg,1,Sold by Walmart,COFFEE,"No egg,No fish,No milk,No mustard,No sesame,No shellfish,No soy,No sulfite,No wheat,No lactose,No artificials,Kosher,No added sugars,Paleo-friendly,Vegan-friendly,Vegetarian-friendly,Whole30-friendly",Add to Cart; Find in Store,4.4,31,,
Walmart Canada,Drinks,Coffee,walmart.ca,https://www.walmart.ca/en/ip/great-value-medium-roast-k-cup-coffee/6000198502895,,12 x 114 g,Walmart.ca > Household Supplies & Pantry > Drinks > Coffee > Coffee Pods,Great Value,Great Value Medium Roast K-Cup Coffee,SKU:6000198502896,UPC:62891567032,ID:6000198502895,Walmart Item #:31575465,$5.97,,,,$0.5/1EA,Shop medium roast coffee K-Cup® pods here!  K-Cup® pods are compatible with all Keurig coffee makers,,"[{""Product Type"":""Pods""},{""Decaffeinated"":""No""},{""Singleserve"":""No""},{""Storage Type"":""Shelf""},{""Walmart Exclusive"":""Yes""},{""Clearout Deal"":""No""},{""Lifestyle\/Dietary Need"":""N\/A""}]",https://i5.walmartimages.ca/images/Enlarge/914/555/6000198914555.jpg | https://i5.walmartimages.ca/images/Enlarge/914/557/6000198914557.jpg | https://i5.walmartimages.ca/images/Enlarge/914/551/6000198914551.jpg | https://i5.walmartimages.ca/images/Enlarge/914/550/6000198914550.jpg | https://i5.walmartimages.ca/images/Enlarge/170/248/6000199170248.jpg | https://i5.walmartimages.ca/images/Enlarge/314/985/6000200314985.jpg,6,Sold by Walmart,Arabica coffee.,N/A,Add to Cart; Find in Store,0,,,1
Walmart Canada,Drinks,Coffee,walmart.ca,https://www.walmart.ca/en/ip/keurig-timothys-breakfast-blend-light-roast-recyclable-k-cup-pods/6000197097496,,Box of 12 K-Cup® pods,Walmart.ca > Household Supplies & Pantry > Drinks > Coffee > Coffee Pods,Timothy’s,Keurig® Timothy's® Breakfast Blend Light Roast Recyclable K-Cup® PODS,SKU:6000197097497,UPC:9955508812,ID:6000197097496,Walmart Item #:30417754,$7.97,,,,$0.66/1EA,A complex yet smooth combination of sweet Costa Rican and smoky Guatemalan beans. Discover Timothy's® Breakfast Blend coffee K-Cup® pods,,"[{""Product Type"":""Light Roast""},{""Decaffeinated"":""No""},{""Singleserve"":""No""},{""Franchise"":""Timothy's""},{""Storage Type"":""Shelf""},{""Clearout Deal"":""No""},{""Lifestyle\/Dietary Need"":""No egg,No fish,No milk,No mustard,No sesame,No shellfish,No soy,No sulfite,No wheat,No lactose,No artificials,No added sugars,Paleo-friendly,Vegan-friendly,Vegetarian-friendly,Whole30-friendly""}]",https://i5.walmartimages.ca/images/Enlarge/635/059/6000199635059.jpg | https://i5.walmartimages.ca/images/Enlarge/465/349/6000198465349.jpg | https://i5.walmartimages.ca/images/Enlarge/465/350/6000198465350.jpg,3,Sold by Walmart,Coffee,"No egg,No fish,No milk,No mustard,No sesame,No shellfish,No soy,No sulfite,No wheat,No lactose,No artificials,No added sugars,Paleo-friendly,Vegan-friendly,Vegetarian-friendly,Whole30-friendly",Add to Cart; Find in Store,4.6,101,,
Walmart Canada,Drinks,Coffee,walmart.ca,https://www.walmart.ca/en/ip/timothys-the-coffee-box-keurig-recyclable-k-cup-pod/6000201336355,,Box of 40 k-cup® pods,Walmart.ca > Household Supplies & Pantry > Drinks > Coffee > Coffee Pods,Timothy’s,Timothy's® The Coffee Box Keurig® Recyclable K-Cup® Pod,SKU:6000201336356,UPC:84211506742,ID:6000201336355,Walmart Item #:30641247,$18.97,,,,,"10x Breakfast Blend : Tart fruit and brown sugar, crisp acidity, light sweetness
10x Timothy's Original Donut Blend® : Chocolatey, sweet nut profile with ripe stone fruit, round acidity and generous body
10x Colombian Excelencia : Tart fruit, with ripe cherry notes, bright acidity
10x Rainforest Espresso®: Roasted nut, lightly woodsy, rich body",,"[{""Product Type"":""Pods""},{""Decaffeinated"":""No""},{""Storage Type"":""Shelf""},{""Clearout Deal"":""No""},{""Lifestyle\/Dietary Need"":""No egg,No fish,No milk,No mustard,No sesame,No shellfish,No soy,No sulfite,No wheat,No lactose,No artificials,No added sugars,Paleo-friendly,Vegan-friendly,Vegetarian-friendly,Whole30-friendly""}]",https://i5.walmartimages.ca/images/Enlarge/926/822/6000201926822.jpg,1,Sold by Walmart,Coffee,"No egg,No fish,No milk,No mustard,No sesame,No shellfish,No soy,No sulfite,No wheat,No lactose,No artificials,No added sugars,Paleo-friendly,Vegan-friendly,Vegetarian-friendly,Whole30-friendly",Add to Cart; Find in Store,0,,,
Walmart Canada,Drinks,Coffee,walmart.ca,https://www.walmart.ca/en/ip/starbucks-by-nespresso-pike-place-roast-coffee-capsules-10-nespresso-coffee-pods/6000200981321,,53 GR,Walmart.ca > Grocery > Drinks > Coffee > Coffee Pods,Starbucks,Starbucks® by Nespresso® Pike Place Roast Coffee Capsules 10 Nespresso Coffee Pods,SKU:6000200981322,UPC:761303817558,ID:6000200981321,Walmart Item #:30118417,$8.97,,,,,"The same high-quality STARBUCKS® coffee that you know and love is now made by NESPRESSO® for you to enjoy at home. Starbucks® by Nespresso® PIKE PLACE®* Roast Coffee capsules are made from aluminum for guaranteed coffee freshness and easy recycling using NEPRESSO® recycling bags. In 2008 our master blenders and roasters created it for you, a blend so consistent and harmonious that no characteristic dominates—or disappears. A smooth, well-rounded blend of Latin American coffees with subtly rich flavours of cocoa and toasted nuts, it’s perfect for every day. *PIKE PLACE® is a registered trademark of The PIKE PLACE® Market PDA, used under license.","• Developed for original line NESPRESSO® machines
• STARBUCKS® PIKE PLACE®* is a medium roast with smooth & balanced, rich, approachable flavours
• Contains 10 STARBUCKS® PIKE PLACE®* Roast NESPRESSO® Coffee Capsules
• The intensity level of this coffee is 7
• Well-rounded with subtle notes of cocoa and toasted nuts","[{""Product Type"":""Pods""},{""Decaffeinated"":""No""},{""Storage Type"":""Shelf""},{""Clearout Deal"":""No""},{""Lifestyle\/Dietary Need"":""""}]",https://i5.walmartimages.ca/images/Enlarge/273/984/6000201273984.jpg | https://i5.walmartimages.ca/images/Enlarge/927/713/6000203927713.jpg | https://i5.walmartimages.ca/images/Enlarge/927/710/6000203927710.jpg | https://i5.walmartimages.ca/images/Enlarge/927/818/6000203927818.jpg,4,Sold by Walmart,Coffee,,Add to Cart; Find in Store,0,,,
Walmart Canada,Drinks,Coffee,walmart.ca,https://www.walmart.ca/en/ip/our-finest-variety-collection-coffee-pods/6000197180130,,"30 K-Cup pods, 285 g",Walmart.ca > Grocery > Drinks > Coffee > Coffee Pods,Our Finest,Our Finest Variety Collection Coffee PODS,SKU:6000197180131,UPC:62891556110,ID:6000197180130,Walmart Item #:30620773,$13.97,,,,$0.47/1EA,"Our wonderful selection of blends is crafted from 100% Arabica beans sourced from the world’s best coffee producing regions. The Canadian Blend has a smooth, rounded ﬂavour with a subtle, delicate aroma for a truly Canadian cup of coffee. The Signature Blend features a full-bodied, lively ﬂavour with a bold, rich aroma. The Dark Roast is a perfectly balanced, full-bodied ﬂavour with a rich, intense aroma. Our FinestTM – premium quality ingredients and the best we have to offer, from our table to yours.","•100% Arabica Coffee
•For use in all KEURIG K-CUP brewers
Collection contains:
•5 light roast Canadian Blend coffee pods
•15 medium roast Signature Blend coffee pods
•10 dark roast coffee pods","[{""Product Type"":""Other""},{""Decaffeinated"":""No""},{""Singleserve"":""No""},{""Storage Type"":""Shelf""},{""Walmart Exclusive"":""Yes""},{""Clearout Deal"":""No""},{""Lifestyle\/Dietary Need"":""No artificials,Kosher,No added sugars,Paleo-friendly,Vegan-friendly,Vegetarian-friendly,Whole30-friendly""}]",https://i5.walmartimages.ca/images/Enlarge/526/923/6000197526923.jpg,1,Sold by Walmart,100% Arabica coffee,"No artificials,Kosher,No added sugars,Paleo-friendly,Vegan-friendly,Vegetarian-friendly,Whole30-friendly",Add to Cart; Find in Store,2,1,,
Walmart Canada,Drinks,Coffee,walmart.ca,https://www.walmart.ca/en/ip/nescaf-rich-intense-instant-coffee/6000202651441,,160 g,Walmart.ca > Grocery > Drinks > Coffee > Instant Coffee,NESCAFÉ,NESCAFÉ Rich Intense Instant Coffee,SKU:6000202651442,UPC:5500071059,ID:6000202651441,Walmart Item #:31138741,$5.47,,,,$547/100GR,"Nescafé Rich Intense Instant Coffee (160 g) is bursting with rich coffee flavour for the strongest start to your morning without having to add an extra spoonful. Specially selected beans are roasted longer to develop a new level of richness and intensity, in both flavour and aroma. It's a true blend of strength, because mornings are no time for weakness. All beans are 100% natural and responsibly sourced, with independent checks to ensure every bean is grown respectfully, from farmers to the environment.","• The darkest roast in the Nescafé coffee family with the strongest, most intense taste, making for a perfect way to kick start your day
• Our most intense coffee ever, enlivening your morning with dark-roast delight
• Made from specially selected beans, roasted longer to develop a new level of richness and intensity
• Easy to prepare - It's never been easier to get a perfect cup of coffee; Simply scoop 1 tsp; Add hot water, then stir and enjoy
• Committed to being Grown Respectfully- All coffee beans are responsibly sourced, and apart of sustainable farming practices","[{""Product Type"":""Instant""},{""Decaffeinated"":""No""},{""Singleserve"":""No""},{""Storage Type"":""Shelf""},{""Clearout Deal"":""No""},{""Lifestyle\/Dietary Need"":""""}]",https://i5.walmartimages.ca/images/Enlarge/661/783/6000202661783.jpg | https://i5.walmartimages.ca/images/Enlarge/661/799/6000202661799.jpg | https://i5.walmartimages.ca/images/Enlarge/661/806/6000202661806.jpg | https://i5.walmartimages.ca/images/Enlarge/661/787/6000202661787.jpg,4,Sold by Walmart,100% pure coffee,,Add to Cart; Find in Store,2.6,9,,
Walmart Canada,Drinks,Coffee,walmart.ca,https://www.walmart.ca/en/ip/starbucks-caff-verona-whole-bean-340g/6000197848703,,,Walmart.ca > Household Supplies & Pantry > Drinks > Coffee > Coffee Beans,Starbucks,Starbucks® Caffè Verona® Whole Bean 340g,SKU:6000197848704,UPC:76211194967,ID:6000197848703,Walmart Item #:30396731,$11.67,,,,$3.43/100GR,"A passion for the culinary romance of Italy inspired this seductive, full-bodied blend of Latin American and Asia/Pacific coffees, with Italian Roast added for depth. It’s rich and well-balanced with a dark cocoa texture and a roasty sweetness. Expertly packed immediately after roasting, Starbucks whole bean coffees are as fresh as the day they were roasted.","- 100% Arabica Coffee
- Roasty Sweet & Dark Cocoa
- Use cold, filtered water. Add 10g of coffee to 180ml of water.","[{""Product Type"":""Dark Roast""},{""Decaffeinated"":""No""},{""Singleserve"":""No""},{""Storage Type"":""Shelf""},{""Clearout Deal"":""No""},{""Lifestyle\/Dietary Need"":""No egg,No fish,No milk,No mustard,No sesame,No shellfish,No soy,No sulfite,No wheat,No lactose,No artificials,No added sugars,Vegan-friendly,Vegetarian-friendly""}]",https://i5.walmartimages.ca/images/Enlarge/052/084/6000198052084.jpg | https://i5.walmartimages.ca/images/Enlarge/052/087/6000198052087.jpg | https://i5.walmartimages.ca/images/Enlarge/052/089/6000198052089.jpg,3,Sold by Walmart,WHOLE BEAN 100% ARABICA COFFEE,"No egg,No fish,No milk,No mustard,No sesame,No shellfish,No soy,No sulfite,No wheat,No lactose,No artificials,No added sugars,Vegan-friendly,Vegetarian-friendly",Add to Cart; Find in Store,4.7,791,,
Walmart Canada,Drinks,Coffee,walmart.ca,https://www.walmart.ca/en/ip/keurig-timothys-colombian-la-vereda-recyclable-k-cup-pods/6000199414451,,box of 30 k-cup® pods,Walmart.ca > Household Supplies & Pantry > Drinks > Coffee > Coffee Pods,Timothy’s,Keurig® Timothy's® Colombian La Vereda Recyclable K-Cup® Pods,SKU:6000199414452,UPC:84211508956,ID:6000199414451,Walmart Item #:30321745,$14.97,,,,,"A Colombian coffee with intense fragrance and floral notes, distinctive fruity overtones. Discover Timothy's® Colombian La Vereda Coffee K-Cup® pods",,"[{""Product Type"":""Medium Roast""},{""Decaffeinated"":""No""},{""Storage Type"":""Shelf""},{""Lifestyle\/Dietary Need"":""No egg,No fish,No milk,No mustard,No sesame,No shellfish,No soy,No sulfite,No wheat,No lactose,No artificials,No added sugars,Paleo-friendly,Vegan-friendly,Vegetarian-friendly,Whole30-friendly""}]",https://i5.walmartimages.ca/images/Enlarge/002/133/6000200002133.jpg | https://i5.walmartimages.ca/images/Enlarge/002/137/6000200002137.jpg | https://i5.walmartimages.ca/images/Enlarge/279/134/6000200279134.jpg | https://i5.walmartimages.ca/images/Enlarge/279/132/6000200279132.jpg,4,Sold by Walmart,Coffee,"No egg,No fish,No milk,No mustard,No sesame,No shellfish,No soy,No sulfite,No wheat,No lactose,No artificials,No added sugars,Paleo-friendly,Vegan-friendly,Vegetarian-friendly,Whole30-friendly",Add to Cart; Find in Store,4.4,9,,
Walmart Canada,Drinks,Coffee,walmart.ca,https://www.walmart.ca/en/ip/kicking-horse-coffee-three-sisters-medium-roast-ground-coffee/6000196293526,,284 g - Ground Coffee,Walmart.ca > Household Supplies & Pantry > Drinks > Coffee > Ground Coffee,Kicking Horse® Coffee,"Kicking Horse Coffee - Three Sisters - Medium Roast, Ground Coffee",SKU:6000196293527,UPC:62907090008,ID:6000196293526,Walmart Item #:30547448,$11.94,,,,$4.2/100GR,"The Three Sisters are a trio of towering Canadian Rocky Mountains. We pay homage to these powerful peaks with a triple punch of light, medium and dark roasts. Great taste hits new heights!","• Medium Roast, Ground Coffee
• Smooth, Savoury, Seductive
• Origin: Indonesia, Central & South America
• Aroma: Sweet dried fruit, toasted coconut, and chocolate malt
• Tasting Notes: Well-rounded and complex with notes of sweet tobacco, stone fruit and cocoa
• 100% Arabica Beans
• Certified Fairtrade, Organic, Kosher
• Roasted in the Canadian Rocky Mountains
• Recommended Brew Methods: Drip machine, Pour over","[{""Product Type"":""Medium Roast""},{""Decaffeinated"":""No""},{""Singleserve"":""No""},{""Storage Type"":""Shelf""},{""Walmart Exclusive"":""No""},{""Clearout Deal"":""No""},{""Lifestyle\/Dietary Need"":""Organic,Kosher,Fair Trade""}]",https://i5.walmartimages.ca/images/Enlarge/900/081/999999-629070900081.jpg,1,Sold by Walmart,"100% certified Organic, Fairtrade, shade-grown Arabica, Canadian Rocky Mountain-roasted coffee","Organic,Kosher,Fair Trade",Add to Cart; Find in Store,4.7,112,,
Walmart Canada,Drinks,Coffee,walmart.ca,https://www.walmart.ca/en/ip/nabob-1896-tradition-ground-coffee/6000196720816,,300g,Walmart.ca > Household Supplies & Pantry > Drinks > Coffee > Ground Coffee,Nabob,Nabob 1896 Tradition Ground Coffee,SKU:6000196720817,UPC:6020000183,ID:6000196720816,Walmart Item #:31322981,$6.47,,,,$2.16/100GR,"Balanced, lively & citrus. Over 115 years of attention went into this perfectly balanced cup of coffee with delicate hints of cocoa and citrus. As our Roastmaster’s original coffee, this blend is perfect for those who appreciate the classics.","• One bag of Nabob 1896 Tradition Ground Coffee 
• Made with 100% Arabica beans
• Nabob Coffee is Rainforest Alliance Certified
• Expertly roasted for an incredibly smooth taste","[{""Product Type"":""Ground""},{""Decaffeinated"":""No""},{""Singleserve"":""No""},{""Storage Type"":""Shelf""},{""Clearout Deal"":""No""},{""Lifestyle\/Dietary Need"":""No egg,No fish,No milk,No mustard,No sesame,No shellfish,No soy,No sulfite,No wheat,No lactose,No artificials,No added sugars,Paleo-friendly,Vegan-friendly,Vegetarian-friendly,Whole30-friendly""}]",https://i5.walmartimages.ca/images/Enlarge/001/832/999999-00060200001832.jpg | https://i5.walmartimages.ca/images/Enlarge/552/581/6000200552581.jpg | https://i5.walmartimages.ca/images/Enlarge/552/582/6000200552582.jpg | https://i5.walmartimages.ca/images/Enlarge/316/641/6000202316641.jpg | https://i5.walmartimages.ca/images/Enlarge/316/650/6000202316650.jpg | https://i5.walmartimages.ca/images/Enlarge/316/646/6000202316646.jpg | https://i5.walmartimages.ca/images/Enlarge/316/642/6000202316642.jpg,7,Sold by Walmart,INGREDIENTS: 100% ARABICA COFFEE.,"No egg,No fish,No milk,No mustard,No sesame,No shellfish,No soy,No sulfite,No wheat,No lactose,No artificials,No added sugars,Paleo-friendly,Vegan-friendly,Vegetarian-friendly,Whole30-friendly",Add to Cart; Find in Store,4,39,,8
Walmart Canada,Drinks,Coffee,walmart.ca,https://www.walmart.ca/en/ip/our-finest-roasted-hazelnuts-keurig-recyclable-k-cup-pod/6000199969640,,12 K-Cup® pods,Walmart.ca > Household Supplies & Pantry > Drinks > Coffee > Coffee Pods,Our Finest,Our Finest Roasted Hazelnuts Keurig® Recyclable K-Cup® Pod,SKU:6000199969641,UPC:62891583029,ID:6000199969640,Walmart Item #:31691620,$6.97,,,,,"Roasted Hazelnut Coffee is a light roast coffee enhanced with natural roasted hazelnut flavor. Made from 100% Arabica beans, every cup is a perfectly exquisite and made to savour.",,"[{""Product Type"":""Pods""},{""Decaffeinated"":""No""},{""Singleserve"":""No""},{""Storage Type"":""Shelf""},{""Walmart Exclusive"":""Yes""},{""Clearout Deal"":""No""},{""Lifestyle\/Dietary Need"":""""}]",https://i5.walmartimages.ca/images/Enlarge/665/138/6000200665138.jpg | https://i5.walmartimages.ca/images/Enlarge/714/053/6000200714053.jpg,2,Sold by Walmart,Coffee,,Add to Cart; Find in Store,0,,,
Walmart Canada,Drinks,Coffee,walmart.ca,https://www.walmart.ca/en/ip/excelsior-espresso-whole-bean-coffee/6000188760989,,1 kg,Walmart.ca > Household Supplies & Pantry > Drinks > Coffee > Coffee Beans,Excelsior,Excelsior Espresso Whole Bean Coffee,SKU:6000188760990,UPC:6213606045,ID:6000188760989,Walmart Item #:9218117,$9.87,,,,$0.01/1GR,"Excelsior Espresso coffee whole bean, 1 kg is a deliciously smooth blend of beans small-batch roasted right here in Canada since 1953.",,"[{""Product Type"":""Espresso""},{""Decaffeinated"":""No""},{""Singleserve"":""No""},{""Storage Type"":""Shelf""},{""Lifestyle\/Dietary Need"":""""}]",https://i5.walmartimages.ca/images/Enlarge/060/457/999999-62136060457.jpg,1,Sold by Walmart,Coffee,,Add to Cart; Find in Store,4.1,11,,2
Walmart Canada,Drinks,Coffee,walmart.ca,https://www.walmart.ca/en/ip/our-finest-midnight-blend-dark-roast-coffee/6000199417103,,"285 g, 30 K-cup® pods",Walmart.ca > Household Supplies & Pantry > Drinks > Coffee > Coffee Pods,Our Finest,Our Finest Midnight Blend Dark Roast Coffee,SKU:6000199417104,UPC:62891582806,ID:6000199417103,Walmart Item #:30378866,$13.97,,,,,"Available in quick and convenient, single serve K-Cup® pods, Our Finest™ Midnight Blend Coffee is made from 100% Arabica beans from some of the finest bean growing regions in the world. Exceptionnaly smooth and rich, this robust coffee has a fragant aroma and is brimming with bold flavour.","•100% arabica coffee
•Certified Keurig","[{""Product Type"":""Dark Roast""},{""Decaffeinated"":""No""},{""Storage Type"":""Shelf""},{""Walmart Exclusive"":""Yes""},{""Lifestyle\/Dietary Need"":""No artificials,No added sugars,Paleo-friendly,Vegan-friendly,Vegetarian-friendly,Whole30-friendly""}]",https://i5.walmartimages.ca/images/Enlarge/769/714/6000199769714.jpg | https://i5.walmartimages.ca/images/Enlarge/769/760/6000199769760.jpg | https://i5.walmartimages.ca/images/Enlarge/769/734/6000199769734.jpg | https://i5.walmartimages.ca/images/Enlarge/769/746/6000199769746.jpg,4,Sold by Walmart,Arabica coffee.,"No artificials,No added sugars,Paleo-friendly,Vegan-friendly,Vegetarian-friendly,Whole30-friendly",Add to Cart; Find in Store,5,2,,
Walmart Canada,Drinks,Coffee,walmart.ca,https://www.walmart.ca/en/ip/tassimo-maxwell-house-decaf-coffee-single-serve-t-discs/6000045061059,,14 T-Discs,Walmart.ca > Household Supplies & Pantry > Drinks > Coffee > Coffee Pods,Tassimo,Tassimo Maxwell House Decaf Coffee Single Serve T-Discs,SKU:10138956,UPC:6618800148,ID:6000045061059,Walmart Item #:30181251,$7.97,,,,$0.57/1EA,"If you are a coffee lover and don't want the caffeine, Maxwell House Decaf Coffee T-Discs are the perfect morning indulgence for you. Our decaf coffee is produced using the unique SWISS WATER Process, which is 100% chemical free and uses B.C. mountain water to naturally remove the caffeine.","• One 110G bag of Tassimo Maxwell House Decaf Coffee T-Discs (14 t-discs)
• Each T-Disc makes one 8 fl oz/236 ml cup of coffee
• Medium roast coffee
• Decaffeinated using SWISS WATER process","[{""Flavour"":""Other""},{""Product Type"":""Pods""},{""Decaffeinated"":""Yes""},{""Singleserve"":""Yes""},{""Storage Type"":""Shelf""},{""Clearout Deal"":""No""},{""Lifestyle\/Dietary Need"":""No egg,No fish,No milk,No mustard,No sesame,No shellfish,No soy,No sulfite,No wheat,No lactose,No artificials,Kosher,No added sugars,Paleo-friendly,Vegan-friendly,Vegetarian-friendly,Whole30-friendly""}]",https://i5.walmartimages.ca/images/Enlarge/871/251/871251.jpg | https://i5.walmartimages.ca/images/Enlarge/285/660/6000200285660.jpg | https://i5.walmartimages.ca/images/Enlarge/285/676/6000200285676.jpg,3,Sold by Walmart,INGREDIENT: DECAFFEINATED ARABICA COFFEE.,"No egg,No fish,No milk,No mustard,No sesame,No shellfish,No soy,No sulfite,No wheat,No lactose,No artificials,Kosher,No added sugars,Paleo-friendly,Vegan-friendly,Vegetarian-friendly,Whole30-friendly",Add to Cart; Find in Store,4.4,265,,8
Walmart Canada,Drinks,Coffee,walmart.ca,https://www.walmart.ca/en/ip/folgers-classic-roast-k-cup-coffee-pods-12-count/6000198398380,,"12 K-Cup Pods, 96 g",Walmart.ca > Household Supplies & Pantry > Drinks > Coffee > Coffee Pods,Folgers,Folgers Classic Roast K-Cup Coffee Pods 12 Count,SKU:6000198398381,UPC:2550020182,ID:6000198398380,Walmart Item #:31559994,$7.94,,,,$8.27/100GR,"Enjoy our signature coffee blend - Folgers Classic Roast K-Cups. A medium roast coffee specially ground for a smooth, balanced taste and aroma. Certified for Keurig K-Cup coffee brewers. Folgers is an iconic brand that has been brewing great-tasting coffee for over 165 years. Savour the fresh aroma of a perfectly brewed cup of Folgers Coffee.","• Enjoy your mornings with our Signature Blend of Coffee
• Medium Roast coffee blend with smooth, balanced taste 
• Made from Pure 100% Coffee 
• Now in recyclable Keurig K-Cup pods!
• Folgers is an iconic coffee brand that has been brewing great-tasting coffee for over 165 years","[{""Product Type"":""Medium Roast""},{""Decaffeinated"":""No""},{""Singleserve"":""No""},{""Storage Type"":""Shelf""},{""Walmart Exclusive"":""No""},{""Clearout Deal"":""No""},{""Lifestyle\/Dietary Need"":""No egg,No fish,No milk,No mustard,No sesame,No shellfish,No soy,No sulfite,No wheat,No lactose,No artificials,Kosher,No added sugars,Paleo-friendly,Vegan-friendly,Vegetarian-friendly,Whole30-friendly""}]",https://i5.walmartimages.ca/images/Enlarge/021/879/6000203021879.jpg | https://i5.walmartimages.ca/images/Enlarge/021/832/6000203021832.jpg | https://i5.walmartimages.ca/images/Enlarge/588/048/6000201588048.jpg | https://i5.walmartimages.ca/images/Enlarge/588/049/6000201588049.jpg | https://i5.walmartimages.ca/images/Enlarge/588/050/6000201588050.jpg,5,Sold by Walmart,COFFEE.,"No egg,No fish,No milk,No mustard,No sesame,No shellfish,No soy,No sulfite,No wheat,No lactose,No artificials,Kosher,No added sugars,Paleo-friendly,Vegan-friendly,Vegetarian-friendly,Whole30-friendly",Add to Cart; Find in Store,0,,,
Walmart Canada,Drinks,Coffee,walmart.ca,https://www.walmart.ca/en/ip/timothys-flavoured-variety-pack-recyclable-k-cup-pods-30-count-for-keurig-coffee-makers/6000202651604,,30 K Cup Pods,Walmart.ca > Household Supplies & Pantry > Drinks > Coffee > Coffee Pods,Timothy’s,"Timothy's Flavoured Variety Pack, Recyclable K-Cup Pods, 30 Count, For Keurig Coffee Makers",SKU:6000202651605,UPC:84211506764,ID:6000202651604,Walmart Item #:31138839,$14.97,,,,,"Explore the Timothy’s Flavoured Variety Pack with 30 recyclable K-Cup pods, including 10 French Vanilla, 10 Toffee and 10 German Chocolate Cake.","- With Timothy's coffee, you can handle it.
- Our beans are slowly roasted to create a good, well-balanced, smooth-tasting coffee 
- Timothy's K-Cup pods are recyclable 
- Compatible with all Keurig® K-Cup® coffee makers","[{""Product Type"":""Medium Roast""},{""Decaffeinated"":""No""},{""Storage Type"":""Shelf""},{""Clearout Deal"":""No""},{""Lifestyle\/Dietary Need"":""""}]",https://i5.walmartimages.ca/images/Enlarge/992/933/6000202992933.jpg | https://i5.walmartimages.ca/images/Enlarge/933/665/6000202933665.jpg | https://i5.walmartimages.ca/images/Enlarge/933/674/6000202933674.jpg | https://i5.walmartimages.ca/images/Enlarge/933/680/6000202933680.jpg,4,Sold by Walmart,"Coffee, Artificial flavours",,Add to Cart; Find in Store,0,,,
Walmart Canada,Drinks,Coffee,walmart.ca,https://www.walmart.ca/en/ip/great-value-coffee-whitener/6000188766550,,454 g,Walmart.ca > Household Supplies & Pantry > Drinks > Coffee > Coffee Whiteners,Great Value,Great Value Coffee Whitener,SKU:6000188766551,UPC:62891508474,ID:6000188766550,Walmart Item #:30934696,$3.27,,,,$0.72/100GR,"Great Value Coffee Whitener 454 g, use 1 to 2 teaspoons per cup.",,"[{""Singleserve"":""No""},{""Walmart Exclusive"":""Yes""},{""Clearout Deal"":""No""},{""Lifestyle\/Dietary Need"":""Kosher,Vegetarian-friendly""}]",https://i5.walmartimages.ca/images/Enlarge/847/4_1/999999-62891508474_1.jpg | https://i5.walmartimages.ca/images/Enlarge/847/4_1/999999-62891508474_1.jpg,2,Sold by Walmart,,"Kosher,Vegetarian-friendly",Add to Cart; Find in Store,3.5,2,,
Walmart Canada,Drinks,Coffee,walmart.ca,https://www.walmart.ca/en/ip/starbucks-pike-place-roast-coffee-whole-bean-907-g/6000202651462,,907 G,Walmart.ca > Household Supplies & Pantry > Drinks > Coffee > Coffee Beans,Starbucks,Starbucks PIKE PLACE Roast Coffee Whole Bean 907 g,SKU:6000202651463,UPC:76211146410,ID:6000202651462,Walmart Item #:31138751,$22.47,,,,$2247/100GR,"Smooth, rich and balanced, Starbucks PIKE PLACE Roast is one of our most popular medium roasts that Canadian coffee-lovers have been enjoying as part of their morning rituals and afternoon coffee breaks. A well-rounded blend of 100% Arabica, Latin American beans with subtle, rich flavours of chocolate and toasted nuts, PIKE PLACE Roast is our love letter to our first store in Seattle's PIKE PLACE Market in 1971. This everyday roast is our commitment to customers around the world that they can always enjoy a freshly brewed coffee at any time of day.","• PIKE PLACE Roast is a medium-roast coffee that's smooth and balanced with well-rounded and approachable flavours of subtle cocoa and toasted nuts
• Enjoy the Starbucks coffee you love without leaving your home
• In 1971, we opened our first store in Seattle's PIKE PLACE Market. Reflecting on our heritage inspired us to create this delicious blend with smooth body and subtle flavors of cocoa and toasted nuts
• In 2008 our master blenders and roasters created this coffee for customers who wanted a freshly brewed cup they could enjoy throughout the day – perfect anytime
• For the best taste and freshest flavour, always use clean, filtered water; clean your machine before using; and grind beans just before brewing","[{""Product Type"":""Medium Roast""},{""Decaffeinated"":""No""},{""Singleserve"":""No""},{""Storage Type"":""Shelf""},{""Clearout Deal"":""No""},{""Lifestyle\/Dietary Need"":""""}]",https://i5.walmartimages.ca/images/Enlarge/776/368/6000202776368.jpg | https://i5.walmartimages.ca/images/Enlarge/776/360/6000202776360.jpg | https://i5.walmartimages.ca/images/Enlarge/776/362/6000202776362.jpg | https://i5.walmartimages.ca/images/Enlarge/776/361/6000202776361.jpg | https://i5.walmartimages.ca/images/Enlarge/776/374/6000202776374.jpg,5,Sold by Walmart,Whole Bean Arabica Coffee.,,Add to Cart; Find in Store,0,,,
Walmart Canada,Drinks,Coffee,walmart.ca,https://www.walmart.ca/en/ip/lavazza-nespresso-compatible-capsules-armonico-espresso/6000198434422,,10 x 5g capsules/box,Walmart.ca > Household Supplies & Pantry > Drinks > Coffee > Ground Coffee,Lavazza,Lavazza Nespresso Compatible Capsules Armonico Espresso,SKU:6000198434423,UPC:4195300089,ID:6000198434422,Walmart Item #:31561781,$6.97,,,,$13.94/100GR,"Central and South American blended to create a rounded, full-bodied coffee.
Since 1895, Lavazza has been thoroughly committed to developing the art of blending and roasting, searching for the perfect flavour and excellent quality.","• 100% Arabica
• Intensity 8
• Compatible with Nespresso original line machines","[{""Product Type"":""Espresso""},{""Decaffeinated"":""No""},{""Singleserve"":""No""},{""Storage Type"":""Shelf""},{""International Foods"":""Italian""},{""Clearout Deal"":""No""},{""Lifestyle\/Dietary Need"":""No egg,No fish,No milk,No mustard,No sesame,No shellfish,No soy,No sulfite,No wheat,No lactose,No artificials,No added sugars,Paleo-friendly,Vegan-friendly,Vegetarian-friendly,Whole30-friendly""}]",https://i5.walmartimages.ca/images/Enlarge/521/500/6000198521500.jpg | https://i5.walmartimages.ca/images/Enlarge/482/675/6000202482675.jpg | https://i5.walmartimages.ca/images/Enlarge/482/674/6000202482674.jpg,3,Sold by Walmart,GROUND COFFEE,"No egg,No fish,No milk,No mustard,No sesame,No shellfish,No soy,No sulfite,No wheat,No lactose,No artificials,No added sugars,Paleo-friendly,Vegan-friendly,Vegetarian-friendly,Whole30-friendly",Add to Cart; Find in Store,4.3,16,,
Walmart Canada,Drinks,Coffee,walmart.ca,https://www.walmart.ca/en/ip/coffee-mate-hazelnut-powder-425-g/6000145830647,,425 GR,Walmart.ca > Household Supplies & Pantry > Drinks > Coffee > Coffee Whiteners,Coffee-Mate,COFFEE-MATE® Hazelnut Powder 425 g,SKU:10298495,UPC:5500069724,ID:6000145830647,Walmart Item #:9227448,$4.97,,,,$1.17/100GR,"There’s nothing quite like a deliciously creamy tasting cup of coffee or tea with COFFEE-MATE® Hazelnut Powder (425 g), the perfect addition to your coffee or tea. Hazelnut, cobnut or filbert nut – it goes by many names, but it always tastes amazing in coffee. Thanks to this classic COFFEE-MATE® powdered coffee enhancer it’s never been easier to create the perfect cup of velvety goodness any time of day. Plus, COFFEE-MATE® is lactose free. Fall in love with COFFEE-MATE®’s smooth & rich taste with a Hazelnut twist! Whether starting your day or taking a moment to recharge, the rich, creamy taste of COFFEE-MATE® Hazelnut is the perfect way to wake up your cup.","• Classic rich and creamy tasting COFFEE-MATE® flavour enhancer creates the perfect cup of velvety goodness with a deliciously nutty Hazelnut twist
• Around one teaspoon will transform your coffee and tea every time – morning, noon or night
• COFFEE-MATE® has been keeping your tea and coffee rich and creamy tasting since 1961
• Lactose free COFFEE-MATE® pairs perfectly with a cup of NESCAFE® instant coffee
• Easily recyclable, simply dispose of label then recycle container and cap","[{""Flavour"":""Hazelnut""},{""Product Type"":""Coffee Creamer""},{""Light"":""No""},{""Singleserve"":""No""},{""Storage Type"":""Shelf""},{""Clearout Deal"":""No""},{""Lifestyle\/Dietary Need"":""No egg,No fish,No mustard,No sesame,No shellfish,No sulfite,No wheat,Vegetarian-friendly""}]",https://i5.walmartimages.ca/images/Enlarge/_85/862/85862.jpg | https://i5.walmartimages.ca/images/Enlarge/586/2_2/85862_2.jpg | https://i5.walmartimages.ca/images/Enlarge/567/049/6000199567049.jpg | https://i5.walmartimages.ca/images/Enlarge/567/048/6000199567048.jpg | https://i5.walmartimages.ca/images/Enlarge/927/673/6000203927673.jpg | https://i5.walmartimages.ca/images/Enlarge/567/061/6000199567061.jpg | https://i5.walmartimages.ca/images/Enlarge/927/692/6000203927692.jpg | https://i5.walmartimages.ca/images/Enlarge/927/669/6000203927669.jpg | https://i5.walmartimages.ca/images/Enlarge/927/674/6000203927674.jpg | https://i5.walmartimages.ca/images/Enlarge/48_/nft/55000697248_NFT.jpg | https://i5.walmartimages.ca/images/Enlarge/48_/nft/55000697248_NFT.jpg,11,Sold by Walmart,"SUGAR, HYDROGENATED VEGETABLE OIL (MAY CONTAIN COCONUT, PALM KERNEL AND/OR SOY OIL), GLUCOSE SYRUP, SODIUM CASEINATE (A MILK DERIVATIVE), DIPOTASSIUM PHOSPHATE, MONOGLYCERIDES, FLAVOUR AND ARTIFICIAL FLAVOUR, SODIUM ALUMINUM SILICATE, SALT, ACETYLATED TARTARIC ACID ESTERS OF MONO-AND DIGLYCERIDES.","No egg,No fish,No mustard,No sesame,No shellfish,No sulfite,No wheat,Vegetarian-friendly",Add to Cart; Find in Store,4.8,32,,1
Walmart Canada,Drinks,Coffee,walmart.ca,https://www.walmart.ca/en/ip/starbucks-caff-verona-dark-roast-ground-coffee-k-cup-pods-10-ct-box/6000196674379,,10 EA,Walmart.ca > Household Supplies & Pantry > Drinks > Coffee > Coffee Pods,Starbucks,STARBUCKS® Caffè Verona® Dark Roast Ground Coffee K-Cup® Pods 10 ct Box,SKU:6000196674380,UPC:76211193627,ID:6000196674379,Walmart Item #:30521776,$11.67,,,,$1.17/1EA,"A passion for the culinary romance of Italy inspired this seductive, full-bodied blend of Latin American and Asia/Pacific coffees, with Italian Roast added for depth. It’s rich and well-balanced with a dark cocoa texture and a roasty sweetness.Designed for use with the Keurig® Single Cup Brewing System to provide a premium brewed coffee experience in less than a minute—without the mess.","• 100% Arabica Coffee
• Roasty Sweet & Dark Cocoa
• Multi-Growing Region, Latin America & Asia Pacific
• Dark Roast","[{""Product Type"":""Dark Roast""},{""Decaffeinated"":""No""},{""Singleserve"":""Yes""},{""Storage Type"":""Shelf""},{""Clearout Deal"":""No""},{""Lifestyle\/Dietary Need"":""No egg,No fish,No milk,No mustard,No sesame,No shellfish,No soy,No sulfite,No wheat,No lactose,No artificials,No added sugars,Paleo-friendly,Vegan-friendly,Vegetarian-friendly,Whole30-friendly""}]",https://i5.walmartimages.ca/images/Enlarge/105/863/6000199105863.jpg | https://i5.walmartimages.ca/images/Enlarge/105/867/6000199105867.jpg | https://i5.walmartimages.ca/images/Enlarge/105/869/6000199105869.jpg | https://i5.walmartimages.ca/images/Enlarge/401/834/6000202401834.jpg | https://i5.walmartimages.ca/images/Enlarge/401/830/6000202401830.jpg | https://i5.walmartimages.ca/images/Enlarge/928/640/6000203928640.jpg | https://i5.walmartimages.ca/images/Enlarge/928/663/6000203928663.jpg | https://i5.walmartimages.ca/images/Enlarge/105/864/6000199105864.jpg,8,Sold by Walmart,COFFEE,"No egg,No fish,No milk,No mustard,No sesame,No shellfish,No soy,No sulfite,No wheat,No lactose,No artificials,No added sugars,Paleo-friendly,Vegan-friendly,Vegetarian-friendly,Whole30-friendly",Add to Cart; Find in Store,4.7,750,,1
Walmart Canada,Drinks,Coffee,walmart.ca,https://www.walmart.ca/en/ip/nescaf-encore-instant-coffee-with-chicory-100-g-jar/6000195749783,,100 GR,Walmart.ca > Household Supplies & Pantry > Drinks > Coffee > Instant Coffee,NESCAFÉ,NESCAFÉ® ENCORE® Instant Coffee with Chicory 100 g Jar,SKU:6000195749784,UPC:5500000065,ID:6000195749783,Walmart Item #:31249991,$5.47,,,,$5.47/100GR,"You don’t need to wait around a coffee maker to enjoy a satisfying, full-flavour cup of coffee. NESCAFÉ® ENCORE® Instant Coffee with Chicory (100 g) creates a mellow-roast coffee, accented by the nutty taste of chicory, instantly. At 35 % less caffeine than the regular cup of coffee, each cup is made with a blend of chicory, coffee, and fibre, for a unique taste that is gentle on your stomach. All it takes is adding a scoop to a cup of boiling water, and you’ve got a delicious morning brew ready when you are. Plus, each jar can make approximately 50 cups of coffee – that’s a lot of good mornings.","• Mellow-roast instant coffee, accented with the nutty taste of chicory
• Just add hot water to your cup with a scoop of Encore and you’re set!
• At 35 % less caffeine than the regular cup of coffee, and gentle enough to enjoy a second cup
• Each jar makes approximately 50 cups of coffee
• Made with a blend of chicory, coffee, and fibre for a delicious, unique flavour","[{""Product Type"":""Instant""},{""Decaffeinated"":""No""},{""Singleserve"":""No""},{""Storage Type"":""Shelf""},{""Clearout Deal"":""No""},{""Lifestyle\/Dietary Need"":""No egg,No fish,No milk,No mustard,No sesame,No shellfish,No soy,No sulfite,No wheat,No lactose,No artificials,No added sugars,Paleo-friendly,Vegan-friendly,Vegetarian-friendly,Whole30-friendly""}]",https://i5.walmartimages.ca/images/Enlarge/000/659/999999-55000000659.jpg | https://i5.walmartimages.ca/images/Enlarge/065/9_1/999999-55000000659_1.jpg | https://i5.walmartimages.ca/images/Enlarge/065/9_2/999999-55000000659_2.jpg | https://i5.walmartimages.ca/images/Enlarge/065/9_3/999999-55000000659_3.jpg | https://i5.walmartimages.ca/images/Enlarge/955/994/6000201955994.jpg | https://i5.walmartimages.ca/images/Enlarge/065/9_3/999999-55000000659_3.jpg | https://i5.walmartimages.ca/images/Enlarge/955/995/6000201955995.jpg | https://i5.walmartimages.ca/images/Enlarge/955/995/6000201955995.jpg,8,Sold by Walmart,"INSTANT COFFEE, CHICORY","No egg,No fish,No milk,No mustard,No sesame,No shellfish,No soy,No sulfite,No wheat,No lactose,No artificials,No added sugars,Paleo-friendly,Vegan-friendly,Vegetarian-friendly,Whole30-friendly",Add to Cart; Find in Store,5,5,,
Walmart Canada,Drinks,Coffee,walmart.ca,https://www.walmart.ca/en/ip/our-finest-decaffeinated-canadian-coffee-light-roast-k-cup-coffee/6000192174615,,Pack of 12,Walmart.ca > Household Supplies & Pantry > Drinks > Coffee > Coffee Pods,Our Finest,Our Finest Decaffeinated Canadian Coffee Light Roast K-Cup Coffee,SKU:6000192174616,UPC:62891516851,ID:6000192174615,Walmart Item #:30029281,$6.97,,,,$0.58/1EA,"Crafted from an exclusive blend of 100% Arabica beans, this coffee is decaffeinated without the use of chemical solvents, using the SWISS WATER® Decaf Process, and features a smooth, well balanced ﬂavour with a subtle, delicate aroma for a truly Canadian cup of coffee. Our Finest – premium quality ingredients and the best we have to offer, from our table to yours.",,"[{""Flavour"":""House blend""},{""Product Type"":""Light Roast""},{""Decaffeinated"":""Yes""},{""Singleserve"":""No""},{""Walmart Exclusive"":""Yes""},{""Clearout Deal"":""No""},{""Lifestyle\/Dietary Need"":""No artificials,Kosher,No added sugars,Paleo-friendly,Vegan-friendly,Vegetarian-friendly,Whole30-friendly""}]",https://i5.walmartimages.ca/images/Enlarge/516/851/999999-62891516851.jpg,1,Sold by Walmart,,"No artificials,Kosher,No added sugars,Paleo-friendly,Vegan-friendly,Vegetarian-friendly,Whole30-friendly",Add to Cart; Find in Store,3.8,5,,1
Walmart Canada,Drinks,Coffee,walmart.ca,https://www.walmart.ca/en/ip/lavazza-nespresso-compatible-capsules-avvolgente-lungo/6000198436252,,10 x 5.5g capsules/box,Walmart.ca > Household Supplies & Pantry > Drinks > Coffee > Ground Coffee,Lavazza,Lavazza Nespresso Compatible Capsules Avvolgente Lungo,SKU:6000198436253,UPC:4195300087,ID:6000198436252,Walmart Item #:31561780,$6.97,,,,$12.67/100GR,"Unique blend of Central, South American and African coffees for both cocoa and spicy notes.
Since 1895, Lavazza has been thoroughly committed to developing the art of blending and roasting, searching for the perfect flavour and excellent quality.","• Intensity 5
• Compatible with Nespresso original line machines","[{""Product Type"":""Espresso""},{""Decaffeinated"":""No""},{""Singleserve"":""No""},{""Storage Type"":""Shelf""},{""International Foods"":""Italian""},{""Clearout Deal"":""No""},{""Lifestyle\/Dietary Need"":""No egg,No fish,No milk,No mustard,No sesame,No shellfish,No soy,No sulfite,No wheat,No lactose,No artificials,No added sugars,Paleo-friendly,Vegan-friendly,Vegetarian-friendly,Whole30-friendly""}]",https://i5.walmartimages.ca/images/Enlarge/521/535/6000198521535.jpg | https://i5.walmartimages.ca/images/Enlarge/482/589/6000202482589.jpg | https://i5.walmartimages.ca/images/Enlarge/482/588/6000202482588.jpg,3,Sold by Walmart,GROUND COFFEE,"No egg,No fish,No milk,No mustard,No sesame,No shellfish,No soy,No sulfite,No wheat,No lactose,No artificials,No added sugars,Paleo-friendly,Vegan-friendly,Vegetarian-friendly,Whole30-friendly",Add to Cart; Find in Store,4.6,7,,1
Walmart Canada,Drinks,Coffee,walmart.ca,https://www.walmart.ca/en/ip/folgers-black-silk-k-cup-coffee-pods-30-count/6000197849365,,"30 K-Cup Pods, 240g",Walmart.ca > Household Supplies & Pantry > Drinks > Coffee > Coffee Pods,Folgers,Folgers Black Silk K-Cup Coffee Pods 30 Count,SKU:6000197849366,UPC:2550020387,ID:6000197849365,Walmart Item #:30396652,$16.47,,,,$6.86/100GR,"Folgers Black Silk K-Cup Coffee is a delicious dark roast full-bodied coffee with a bold, yet smooth finish. Certified for Keurig K-Cup coffee brewers. Folgers is an iconic brand that has been brewing great-tasting coffee for over 165 years. Savour the fresh aroma of a perfectly brewed cup of Folgers Coffee.","• Dark roast, full-bodied coffee with a bold, yet smooth finish. 
• Made  from Pure 100% Coffee 
• Large count value size 
• Now in recyclable Keurig K-Cup pods!
• Folgers is an iconic coffee brand that has been brewing great-tasting coffee for over 165 years","[{""Product Type"":""Dark Roast""},{""Decaffeinated"":""No""},{""Singleserve"":""No""},{""Storage Type"":""Shelf""},{""Clearout Deal"":""No""},{""Lifestyle\/Dietary Need"":""No egg,No fish,No milk,No mustard,No sesame,No shellfish,No soy,No sulfite,No wheat,No lactose,No artificials,Kosher,No added sugars,Paleo-friendly,Vegan-friendly,Vegetarian-friendly,Whole30-friendly""}]",https://i5.walmartimages.ca/images/Enlarge/021/643/6000203021643.jpg | https://i5.walmartimages.ca/images/Enlarge/021/660/6000203021660.jpg | https://i5.walmartimages.ca/images/Enlarge/587/963/6000201587963.jpg | https://i5.walmartimages.ca/images/Enlarge/587/964/6000201587964.jpg | https://i5.walmartimages.ca/images/Enlarge/587/965/6000201587965.jpg,5,Sold by Walmart,COFFEE.,"No egg,No fish,No milk,No mustard,No sesame,No shellfish,No soy,No sulfite,No wheat,No lactose,No artificials,Kosher,No added sugars,Paleo-friendly,Vegan-friendly,Vegetarian-friendly,Whole30-friendly",Add to Cart; Find in Store,3,2,,
Walmart Canada,Drinks,Coffee,walmart.ca,https://www.walmart.ca/en/ip/starbucks-true-north-blend-blonde-roast-ground-coffee-793g-bag/6000199388973,,793 GR,Walmart.ca > Household Supplies & Pantry > Drinks > Coffee > Ground Coffee,Starbucks,STARBUCKS® True North Blend® Blonde® Roast Ground Coffee 793g Bag,SKU:6000199388974,UPC:76211133119,ID:6000199388973,Walmart Item #:30051664,$20.47,,,,$2.58/100GR,"Forty years of coffee-roasting expertise inspired our master roasters to perfect Starbucks® Blonde roast – a lighter, gentler take on the Starbucks® Roast. Roasting this blend of specially chosen Latin American beans for a shorter time allows the delicate nuances of soft cocoa and lightly toasted nuts to blossom. Flavorful without being overly bold, this coffee brews a delightfully gracious cup that’s perfect for welcoming friends or greeting a new day. True North Blend™ is wonderful paired with chocolate chip cookies or pecan rolls. Made with the same high-quality 100% arabica beans we use in our cafés and grinded to a universal blend, this coffee is perfect to use in any drip machine, pour over or French press.","• 100% Arabica Coffee
• Mellow & Soft
• Growing Region of Latin America
• Blonde Roast","[{""Product Type"":""Ground""},{""Decaffeinated"":""No""},{""Singleserve"":""No""},{""Storage Type"":""Shelf""},{""Clearout Deal"":""No""},{""Lifestyle\/Dietary Need"":""No egg,No fish,No milk,No mustard,No sesame,No shellfish,No soy,No sulfite,No wheat,No lactose,No artificials,No added sugars,Paleo-friendly,Vegan-friendly,Vegetarian-friendly,Whole30-friendly""}]",https://i5.walmartimages.ca/images/Enlarge/437/366/6000199437366.jpg | https://i5.walmartimages.ca/images/Enlarge/437/371/6000199437371.jpg | https://i5.walmartimages.ca/images/Enlarge/928/624/6000203928624.jpg,3,Sold by Walmart,GROUND 100% ARABICA COFFEE,"No egg,No fish,No milk,No mustard,No sesame,No shellfish,No soy,No sulfite,No wheat,No lactose,No artificials,No added sugars,Paleo-friendly,Vegan-friendly,Vegetarian-friendly,Whole30-friendly",Add to Cart; Find in Store,4.6,91,,
Walmart Canada,Drinks,Coffee,walmart.ca,https://www.walmart.ca/en/ip/tim-hortons-fine-grind-decaffeinated-coffee/6000199402133,,640g,Walmart.ca > Household Supplies & Pantry > Drinks > Coffee > Ground Coffee,Tim Hortons,Tim Hortons Fine Grind Decaffeinated Coffee,SKU:6000199402134,UPC:6320911763,ID:6000199402133,Walmart Item #:30133431,$16.94,,,,$2.65/100GR,"Since 1964, we have been committed to serving a great cup of coffee. The signature flavour in every cup of Tim Hortons Original Blend Coffee is created using our own unique blend of 100% Arabica beans. Selected from the world's most renowned coffee growing regions, our beans are expertly blended and roasted with care to deliver that consistent Tim Hortons taste every time. 100% Arabica beans, decaffeinated by the Swiss Water process® to preserve our signature flavour.","DIRECTIONS:
• For best results, measure two (2) level tablespoons of Tim Hortons coffee for every 250 mL (8 oz) of fresh cold water
• Water and coffee maker conditions may vary
• Adjust to taste
• Once opened seal tightly and store in a cool dry place
• For optimal freshness use within 2 weeks
• For use in automatic filter coffee makers","[{""Product Type"":""Ground""},{""Decaffeinated"":""Yes""},{""Storage Type"":""Shelf""},{""Clearout Deal"":""No""},{""Lifestyle\/Dietary Need"":""No egg,No fish,No milk,No mustard,No sesame,No shellfish,No soy,No sulfite,No wheat,No lactose,No artificials,No added sugars,Paleo-friendly,Vegan-friendly,Vegetarian-friendly,Whole30-friendly""}]",https://i5.walmartimages.ca/images/Enlarge/079/084/6000201079084.jpg,1,Sold by Walmart,Arabica coffee decaffeinated by the Swiss Water® process.,"No egg,No fish,No milk,No mustard,No sesame,No shellfish,No soy,No sulfite,No wheat,No lactose,No artificials,No added sugars,Paleo-friendly,Vegan-friendly,Vegetarian-friendly,Whole30-friendly",Add to Cart; Find in Store,5,1,,
Walmart Canada,Drinks,Coffee,walmart.ca,https://www.walmart.ca/en/ip/starbucks-house-blend-medium-roast-ground-coffee-k-cup-pods-10-ct-box/6000196674367,,10 EA,Walmart.ca > Household Supplies & Pantry > Drinks > Coffee > Coffee Pods,Starbucks,STARBUCKS® House Blend Medium Roast Ground Coffee K-Cup® Pods 10 ct Box,SKU:6000196674368,UPC:76211190474,ID:6000196674367,Walmart Item #:30521767,$11.67,,,,$1.17/1EA,"It’s deceptively simple – a blend with fine Latin American beans roasted to a glistening, dark chestnut colour. Loaded with flavour, balancing tastes of nut and cocoa, just a touch of sweetness from the roast. This coffee is our beginning, the very first blend we ever created for you back in 1971. A delightful cup of coffee, period. House Blend is a treat paired with a morning bun or blueberry scone. Made with the same high-quality 100% arabica beans we use in our cafés.Designed for use with the Keurig® Single Cup Brewing System to provide a premium brewed coffee experience in less than a minute – without the mess.","• 100% Arabica Coffee
• Rich & Lively
• Growing Region of Latin America
• Medium Roast","[{""Product Type"":""Medium Roast""},{""Decaffeinated"":""No""},{""Singleserve"":""Yes""},{""Storage Type"":""Shelf""},{""Clearout Deal"":""No""},{""Lifestyle\/Dietary Need"":""No egg,No fish,No milk,No mustard,No sesame,No shellfish,No soy,No sulfite,No wheat,No lactose,No artificials,No added sugars,Paleo-friendly,Vegan-friendly,Vegetarian-friendly,Whole30-friendly""}]",https://i5.walmartimages.ca/images/Enlarge/105/833/6000199105833.jpg | https://i5.walmartimages.ca/images/Enlarge/105/838/6000199105838.jpg | https://i5.walmartimages.ca/images/Enlarge/105/839/6000199105839.jpg | https://i5.walmartimages.ca/images/Enlarge/401/842/6000202401842.jpg | https://i5.walmartimages.ca/images/Enlarge/928/656/6000203928656.jpg | https://i5.walmartimages.ca/images/Enlarge/928/652/6000203928652.jpg | https://i5.walmartimages.ca/images/Enlarge/928/644/6000203928644.jpg | https://i5.walmartimages.ca/images/Enlarge/105/835/6000199105835.jpg,8,Sold by Walmart,100 % arabica coffee.,"No egg,No fish,No milk,No mustard,No sesame,No shellfish,No soy,No sulfite,No wheat,No lactose,No artificials,No added sugars,Paleo-friendly,Vegan-friendly,Vegetarian-friendly,Whole30-friendly",Add to Cart; Find in Store,4.5,439,,
Walmart Canada,Drinks,Coffee,walmart.ca,https://www.walmart.ca/en/ip/tassimo-mccaf-premium-roast-decaf-coffee-single-serve-t-discs/6000192174762,,14 T-Discs,Walmart.ca > Household Supplies & Pantry > Drinks > Coffee > Coffee Pods,McCafe,Tassimo McCafé Premium Roast Decaf Coffee Single Serve T-Discs,SKU:6000192174763,UPC:6618800325,ID:6000192174762,Walmart Item #:31045945,$8.27,,,,$0.59/1EA,"Discover the rich, full bodied flavour of McCafé Premium Roast Decaffeinated Coffee TASSIMO T-DISCs. Our McCafé Premium Roast Decaffeinated coffee is made from high quality 100% Arabica beans roasted slightly darker than medium to yield a perfectly balanced full bodied flavour and a rich, fragrant aroma.","• One 114G bag of McCafé Premium Roast Decaffeinated Coffee Single Serve TASSIMO T-DISCs (14 T-DISCs)
• McCafé Premium Roast Decaffeinated Coffee is made with 100% Arabica beans, decaffeinated using the 100% chemical free SWISS WATER† process
• Expertly roasted for a rich, smooth, and delicious flavour
• Same delicious taste as the coffee from McCafé restaurants, enjoyed in the comfort of your own home","[{""Flavour"":""Other""},{""Product Type"":""Other""},{""Decaffeinated"":""Yes""},{""Singleserve"":""No""},{""Storage Type"":""Shelf""},{""Clearout Deal"":""No""},{""Lifestyle\/Dietary Need"":""No egg,No fish,No milk,No mustard,No sesame,No shellfish,No soy,No sulfite,No wheat,No lactose,No artificials,Kosher,No added sugars,Paleo-friendly,Vegan-friendly,Vegetarian-friendly,Whole30-friendly""}]",https://i5.walmartimages.ca/images/Enlarge/003/257/999999-00066188003257.jpg | https://i5.walmartimages.ca/images/Enlarge/325/7_2/999999-00066188003257_2.jpg | https://i5.walmartimages.ca/images/Enlarge/325/7_1/999999-00066188003257_1.jpg,3,Sold by Walmart,INGREDIENT: DECAFFEINATED ARABICA COFFEE.,"No egg,No fish,No milk,No mustard,No sesame,No shellfish,No soy,No sulfite,No wheat,No lactose,No artificials,Kosher,No added sugars,Paleo-friendly,Vegan-friendly,Vegetarian-friendly,Whole30-friendly",Add to Cart; Find in Store,4.5,165,,8
Walmart Canada,Drinks,Coffee,walmart.ca,https://www.walmart.ca/en/ip/our-finest-indonesian-blend-medium-dark-roast-ground-coffee/6000199969470,,340 g,Walmart.ca > Household Supplies & Pantry > Drinks > Coffee > Ground Coffee,Our Finest,Our Finest Indonesian Blend Medium Dark Roast Ground Coffee,SKU:6000199969471,UPC:62891582921,ID:6000199969470,Walmart Item #:31691945,$6.97,,,,$2.05/100GR,Our Finest Indonesian Blend Medium Dark Roast Ground Coffee,"• Medium dark roast
• 100% arabica coffee","[{""Product Type"":""Ground""},{""Decaffeinated"":""No""},{""Singleserve"":""No""},{""Storage Type"":""Shelf""},{""Walmart Exclusive"":""Yes""},{""Clearout Deal"":""No""},{""Lifestyle\/Dietary Need"":""No artificials,Kosher,No added sugars,Paleo-friendly,Vegan-friendly,Vegetarian-friendly,Whole30-friendly""}]",https://i5.walmartimages.ca/images/Enlarge/829/211/628915829211.jpg,1,Sold by Walmart,Not Applicable,"No artificials,Kosher,No added sugars,Paleo-friendly,Vegan-friendly,Vegetarian-friendly,Whole30-friendly",Add to Cart; Find in Store,2,1,,
Walmart Canada,Drinks,Coffee,walmart.ca,https://www.walmart.ca/en/ip/mccaf-espresso-roast-recyclable-k-cup-pods-dark-roast-30-count-for-single-serve-brewers/6000202651568,,30-count,Walmart.ca > Household Supplies & Pantry > Drinks > Coffee > Coffee Pods,McCafe,"McCafé® Espresso Roast Recyclable K-Cup® Pods, dark roast, 30-count for Single-Serve Brewers",SKU:6000202651569,UPC:66344760850,ID:6000202651568,Walmart Item #:31138816,$19.97,,,,,"McCafé® Espresso Roast Coffee in K-Cup® pods are made with 100% ethically sourced Arabica beans from Rainforest Alliance Certified™ farms. We’re supporting farmers so their communities, and the rainforests around them, can prosper for generations to come.","- Made with 100 % ethically sourced Arabica beans
- Rainforest Alliance Certified™
- Traditionally fire-roasted for a rich, delicious full-bodied flavour
- McCafé® K-Cup® pods are recyclable
- Compatible with all Keurig® K-Cup® coffee makers","[{""Product Type"":""Dark Roast""},{""Decaffeinated"":""No""},{""Storage Type"":""Shelf""},{""Clearout Deal"":""No""},{""Lifestyle\/Dietary Need"":""No egg,No fish,No milk,No mustard,No sesame,No shellfish,No soy,No sulfite,No wheat,No lactose,No artificials,Kosher,No added sugars,Paleo-friendly,Vegan-friendly,Vegetarian-friendly,Whole30-friendly""}]",https://i5.walmartimages.ca/images/Enlarge/932/914/6000202932914.jpg | https://i5.walmartimages.ca/images/Enlarge/932/919/6000202932919.jpg | https://i5.walmartimages.ca/images/Enlarge/876/475/6000203876475.jpg | https://i5.walmartimages.ca/images/Enlarge/876/474/6000203876474.jpg,4,Sold by Walmart,Arabic coffee.,"No egg,No fish,No milk,No mustard,No sesame,No shellfish,No soy,No sulfite,No wheat,No lactose,No artificials,Kosher,No added sugars,Paleo-friendly,Vegan-friendly,Vegetarian-friendly,Whole30-friendly",Add to Cart; Find in Store,0,,,
Walmart Canada,Drinks,Coffee,walmart.ca,https://www.walmart.ca/en/ip/nescaf-gold-origins-colombia-roast-ground-coffee-capsules-12-x-105-g/6000200982258,,12 x 10.5 G,Walmart.ca > Grocery > Drinks > Coffee > Coffee Pods,NESCAFÉ,NESCAFÉ GOLD ORIGINS® Colombia Roast & Ground Coffee Capsules 12 x 10.5 g,SKU:6000200982259,UPC:5500038229,ID:6000200982258,Walmart Item #:30118418,$9.67,,,,,"Enjoy a satisfying, full-flavoured cup of coffee that is grown with the simplicity of a single origin, easy to brew in only a few seconds. NESCAFÉ GOLD ORIGINS® Colombia, Roast & Ground Coffee Capsules (12 x 10.5 g) consistently brew a perfectly aromatic and delicious cup. Each carefully grown and handpicked bean comes from the Colombian mountains, offering fruity and winey flavour with a fine, citrusy acidity. To help develop the best coffee possible, we start from the source by educating our farmers on sustainable farming practices, supporting new agricultural approaches, and buying our beans directly from our farmers – no middleman. This results in high quality beans, a delicious cup of coffee, and supports a more sustainable environment. We hope each delightful cup makes your morning that much better. *KEURIG® and K-CUP® are registered trade marks of KEURIG GREEN MOUNTAIN, INC. NESTLÉ® is not affiliated with KEURIG GREEN MOUNTAIN, INC.","• Colombian coffee that brews a fruity & winey cup with a fine, citrusy acidity
• Made from 100% Arabica beans
• Compatible with KEURIG® K-CUP® & 2.0 brewing system*
• Coffee bought straight from farmers, educated in sustainable farming practices as part of the NESCAFÉ® Plan
• BrandSpark International's 2020 Best New Product Award Winner","[{""Product Type"":""Pods""},{""Decaffeinated"":""No""},{""Storage Type"":""Shelf""},{""Clearout Deal"":""No""},{""Lifestyle\/Dietary Need"":""""}]",https://i5.walmartimages.ca/images/Enlarge/273/489/6000201273489.jpg | https://i5.walmartimages.ca/images/Enlarge/273/490/6000201273490.jpg | https://i5.walmartimages.ca/images/Enlarge/273/491/6000201273491.jpg | https://i5.walmartimages.ca/images/Enlarge/273/492/6000201273492.jpg | https://i5.walmartimages.ca/images/Enlarge/273/493/6000201273493.jpg | https://i5.walmartimages.ca/images/Enlarge/273/494/6000201273494.jpg | https://i5.walmartimages.ca/images/Enlarge/927/352/6000203927352.jpg,7,Sold by Walmart,Arabica Bean Coffee,,Add to Cart; Find in Store,4,4162,,
Walmart Canada,Drinks,Coffee,walmart.ca,https://www.walmart.ca/en/ip/van-houtte-original-house-blend-dark-roast-ground-coffee-908g/6000199913369,,908g,Walmart.ca > Household Supplies & Pantry > Drinks > Coffee > Coffee Beans,Van Houtte,"Van Houtte Original House Blend Dark Roast Ground Coffee, 908g",SKU:6000199913370,UPC:6215160301,ID:6000199913369,Walmart Item #:31108332,$15.77,,,,$1.74/100GR,"At Van Houtte, we know how to liven up your day because our passion for coffee runs as deep as your own. We are committed to 100% responsibly sourced coffee beans that we roast to perfection with a mastery that we've been refining for more than 100 years. Our coffee is grown to create a positive, lasting impact for farmers and the environment, so it can be enjoyed for generations.

Van Houtte Original House Blend Dark is a well-balanced, dark roast coffee featuring bold and woodsy flavours.","- Proudly roasted in Canada since 1919 
- 100% arabica beans, slowly roasted in single batches 
- We work with time-honoured European crafting methods","[{""Product Type"":""Dark Roast""},{""Decaffeinated"":""No""},{""Singleserve"":""No""},{""Franchise"":""Van Houtte""},{""Storage Type"":""Shelf""},{""Clearout Deal"":""No""},{""Lifestyle\/Dietary Need"":""No egg,No fish,No milk,No mustard,No sesame,No shellfish,No soy,No sulfite,No wheat,No lactose,No artificials,Kosher,No added sugars,Paleo-friendly,Vegan-friendly,Vegetarian-friendly,Whole30-friendly""}]",https://i5.walmartimages.ca/images/Enlarge/579/851/6000200579851.jpg,1,Sold by Walmart,Arabica coffee,"No egg,No fish,No milk,No mustard,No sesame,No shellfish,No soy,No sulfite,No wheat,No lactose,No artificials,Kosher,No added sugars,Paleo-friendly,Vegan-friendly,Vegetarian-friendly,Whole30-friendly",Add to Cart; Find in Store,4,1,,
Walmart Canada,Drinks,Coffee,walmart.ca,https://www.walmart.ca/en/ip/kicking-horse-coffee-grizzly-claw-dark-roast-ground/6000196210642,,284 g - Ground Coffee,Walmart.ca > Household Supplies & Pantry > Drinks > Coffee > Ground Coffee,Kicking Horse® Coffee,"Kicking Horse Coffee - Grizzly Claw - Dark Roast, Ground",SKU:6000196210643,UPC:62907090012,ID:6000196210642,Walmart Item #:30413387,$11.94,,,,$4.2/100GR,"From the heart of the mountains, a strong spirit roars. This is the most magical hand mother nature can deal, and it’s headed for a mug near you.","• Dark Roast, Ground Coffee
• Rich, Dark Chocolate, Decadent
• Origin: Central & South America
• Aroma: Condensed sugar cane and cocoa powder
• Tasting Notes: Rich, dark chocolate, cacao nibs, brown sugar and roasted hazelnut
• 100% Arabica Beans
• Certified Fairtrade, Organic, Kosher
• Roasted in the Canadian Rocky Mountains
• Recommended Brew Methods: Drip machine, Pour over","[{""Product Type"":""Dark Roast""},{""Decaffeinated"":""No""},{""Singleserve"":""No""},{""Storage Type"":""Shelf""},{""Clearout Deal"":""No""},{""Lifestyle\/Dietary Need"":""Organic,Kosher,Fair Trade""}]",https://i5.walmartimages.ca/images/Enlarge/900/128/999999-629070900128.jpg,1,Sold by Walmart,"100% certified Organic, Fairtrade, shade-grown Arabica, Canadian Rocky Mountain-roasted coffee","Organic,Kosher,Fair Trade",Add to Cart; Find in Store,4.5,111,,1
Walmart Canada,Drinks,Coffee,walmart.ca,https://www.walmart.ca/en/ip/tim-hortons-light-roast-premium-instant-coffee/6000199402164,,100g,Walmart.ca > Household Supplies & Pantry > Drinks > Coffee > Instant Coffee,Tim Hortons,Tim Hortons Light Roast Premium Instant Coffee,SKU:6000199402165,UPC:6320911794,ID:6000199402164,Walmart Item #:30133428,$6.44,,,,$6.44/100GR,"Tim Hortons Light Roast Instant Coffee delivers a mellow, delicate taste for a smooth finish without the bitterness. Tim Hortons Premium Instant Coffee is made with 100% Arabica beans grown in the rich volcanic soils of Colombia.",Directions: Stir in about one teaspoon of instant coffee for every 175ml (6oz) of boiling water.,"[{""Product Type"":""Instant""},{""Decaffeinated"":""No""},{""Storage Type"":""Shelf""},{""Clearout Deal"":""No""},{""Lifestyle\/Dietary Need"":""No egg,No fish,No milk,No mustard,No sesame,No shellfish,No soy,No sulfite,No wheat,No lactose,No artificials,No added sugars,Paleo-friendly,Vegan-friendly,Vegetarian-friendly,Whole30-friendly""}]",https://i5.walmartimages.ca/images/Enlarge/600/210/6000199600210.jpg,1,Sold by Walmart,100% ARABICA COFFEE.,"No egg,No fish,No milk,No mustard,No sesame,No shellfish,No soy,No sulfite,No wheat,No lactose,No artificials,No added sugars,Paleo-friendly,Vegan-friendly,Vegetarian-friendly,Whole30-friendly",Add to Cart; Find in Store,3,2,,
Walmart Canada,Drinks,Coffee,walmart.ca,https://www.walmart.ca/en/ip/starbucks-french-roast-dark-roast-ground-coffee-k-cup-pods-10-ct-box/6000196674376,,10 EA,Walmart.ca > Household Supplies & Pantry > Drinks > Coffee > Coffee Pods,Starbucks,STARBUCKS® French Roast Dark Roast Ground Coffee K-Cup® Pods 10 ct Box,SKU:6000196674377,UPC:76211190475,ID:6000196674376,Walmart Item #:30521774,$11.67,,,,$1.17/1EA,"Muted with oil, the tumbling beans become eerily silent. A master roaster watches, knowing that if he pushes them a second too long, they'll burst into flame. White smoke hangs down as the glistening beans turn ebony. This is French Roast, and you can't roast it darker. Straightforward, light-bodied with low acidity, and immensely popular since 1971, our darkest roast is adored for its intense smokiness. Designed for use with the Keurig® Single Cup Brewing System to provide a premium brewed coffee experience in less than a minute—without the mess.","• 100% Arabica Coffee
• Intense & Smokey
• Multi-Growing Region, Latin America & Asia Pacific
• Dark Roast","[{""Product Type"":""Dark Roast""},{""Decaffeinated"":""No""},{""Singleserve"":""Yes""},{""Storage Type"":""Shelf""},{""Clearout Deal"":""No""},{""Lifestyle\/Dietary Need"":""No egg,No fish,No milk,No mustard,No sesame,No shellfish,No soy,No sulfite,No wheat,No lactose,No artificials,No added sugars,Paleo-friendly,Vegan-friendly,Vegetarian-friendly,Whole30-friendly""}]",https://i5.walmartimages.ca/images/Enlarge/105/858/6000199105858.jpg | https://i5.walmartimages.ca/images/Enlarge/105/861/6000199105861.jpg | https://i5.walmartimages.ca/images/Enlarge/105/862/6000199105862.jpg | https://i5.walmartimages.ca/images/Enlarge/928/641/6000203928641.jpg | https://i5.walmartimages.ca/images/Enlarge/928/647/6000203928647.jpg | https://i5.walmartimages.ca/images/Enlarge/928/658/6000203928658.jpg | https://i5.walmartimages.ca/images/Enlarge/928/662/6000203928662.jpg,7,Sold by Walmart,100% arabica coffee.,"No egg,No fish,No milk,No mustard,No sesame,No shellfish,No soy,No sulfite,No wheat,No lactose,No artificials,No added sugars,Paleo-friendly,Vegan-friendly,Vegetarian-friendly,Whole30-friendly",Add to Cart; Find in Store,4.7,832,,
Walmart Canada,Drinks,Coffee,walmart.ca,https://www.walmart.ca/en/ip/lavazza-classico-medium-roast-specialty-ground-coffee/6000192174777,,340 g,Walmart.ca > Household Supplies & Pantry > Drinks > Coffee > Coffee Beans,Lavazza,Lavazza Classico Medium Roast Specialty Ground Coffee,SKU:6000192174778,UPC:4195307506,ID:6000192174777,Walmart Item #:30073563,$9.97,,,,$2.93/100GR,Classico’s balanced roast time produces its signature intense aroma of dried fruits along with its rich and full-bodied flavour. Enjoy this blend as part of your everyday morning coffee ritual.,• Suitable for use in all type of coffee makers,"[{""Flavour"":""Other""},{""Product Type"":""Medium Roast""},{""Decaffeinated"":""No""},{""Singleserve"":""No""},{""Storage Type"":""Shelf""},{""International Foods"":""Italian""},{""Clearout Deal"":""No""},{""Lifestyle\/Dietary Need"":""No egg,No fish,No milk,No mustard,No sesame,No shellfish,No soy,No sulfite,No wheat,No lactose,No artificials,No added sugars,Paleo-friendly,Vegan-friendly,Vegetarian-friendly,Whole30-friendly""}]",https://i5.walmartimages.ca/images/Enlarge/075/066/999999-041953075066.jpg | https://i5.walmartimages.ca/images/Enlarge/482/493/6000202482493.jpg,2,Sold by Walmart,GROUND COFFEE,"No egg,No fish,No milk,No mustard,No sesame,No shellfish,No soy,No sulfite,No wheat,No lactose,No artificials,No added sugars,Paleo-friendly,Vegan-friendly,Vegetarian-friendly,Whole30-friendly",Add to Cart; Find in Store,4.6,53,,
Walmart Canada,Drinks,Coffee,walmart.ca,https://www.walmart.ca/en/ip/keurig-van-houtte-butterscotch-light-recyclable-k-cup-pods/6000197853065,,box of 12 k-cup® pods,Walmart.ca > Household Supplies & Pantry > Drinks > Coffee > Coffee Pods,Van Houtte,Keurig® Van Houtte® Butterscotch Light Recyclable K-Cup® Pods,SKU:6000197853066,UPC:6215164790,ID:6000197853065,Walmart Item #:30469268,$8.97,,,,$0.75/1EA,Enjoy a butterscotch coffee with creamy caramel taste and accentuated by buttery flavours. Shop for Butterscotch Coffee K-Cup® pods by Van Houtte® here!,,"[{""Product Type"":""Flavoured""},{""Decaffeinated"":""No""},{""Storage Type"":""Shelf""},{""Clearout Deal"":""No""},{""Lifestyle\/Dietary Need"":""No egg,No fish,No milk,No mustard,No sesame,No shellfish,No soy,No sulfite,No wheat,No lactose,No added sugars,Vegan-friendly,Vegetarian-friendly""}]",https://i5.walmartimages.ca/images/Enlarge/634/981/6000199634981.jpg,1,Sold by Walmart,Arabica coffee • Artificial flavour,"No egg,No fish,No milk,No mustard,No sesame,No shellfish,No soy,No sulfite,No wheat,No lactose,No added sugars,Vegan-friendly,Vegetarian-friendly",Add to Cart; Find in Store,3.9,183,,
Walmart Canada,Drinks,Coffee,walmart.ca,https://www.walmart.ca/en/ip/our-finest-organic-medium-roast-ground-coffee/6000201760417,,340 g,Walmart.ca > Household Supplies & Pantry > Drinks > Coffee > Ground Coffee,Our Finest,Our Finest Organic Medium Roast Ground Coffee,SKU:6000201760418,UPC:62773501248,ID:6000201760417,Walmart Item #:30804109,$6.97,,,,$2.05/100GR,"Our Finest™ Organic Medium Roast Ground Coffee:Inspired by the love of exceptional food, Our Finest™ is a collection of outstanding products crafted from superior recipes using premium ingredients. Certified Organic, Our Finest™ Medium Roast Organic Ground Coffee contains a blend of 100% arabica beans sourced from South America. This medium-dark roast has good body and flavour, with rich chocolate notes and lively acidity to ensure each cup is smooth and perfectly exquisite.","• Medium roast
• 100 % Arabica coffee
• Ground coffee
• Organic","[{""Product Type"":""Ground""},{""Decaffeinated"":""No""},{""Singleserve"":""No""},{""Storage Type"":""Shelf""},{""Walmart Exclusive"":""Yes""},{""Clearout Deal"":""No""},{""Lifestyle\/Dietary Need"":""No artificials,Kosher,No added sugars,Organic,Paleo-friendly,Vegan-friendly,Vegetarian-friendly,Whole30-friendly""}]",https://i5.walmartimages.ca/images/Enlarge/012/483/627735012483.jpg,1,Sold by Walmart,Organic arabica coffee.,"No artificials,Kosher,No added sugars,Organic,Paleo-friendly,Vegan-friendly,Vegetarian-friendly,Whole30-friendly",Add to Cart; Find in Store,5,1,,1
Walmart Canada,Drinks,Coffee,walmart.ca,https://www.walmart.ca/en/ip/tim-hortons-medium-roast-decaffeinated-coffee/6000194579290,,126 g,Walmart.ca > Household Supplies & Pantry > Drinks > Coffee > Coffee Pods,Tim Hortons,Tim Hortons Medium Roast Decaffeinated Coffee,SKU:6000194579291,UPC:6320908389,ID:6000194579290,Walmart Item #:31167235,$9.98,,,,$7.92/100GR,"Since 1964, we have been committed to serving a great cup of coffee. The signature flavour in every cup of Tim Hortons Premium Blend Coffee is created using our own unique blend of 100% Arabica beans. Selected from the world's most renowned coffee growing regions, our beans are expertly blended and roasted with care to deliver that consistent Tim Hortons taste every time. 100% Arabica beans, decaffeinated using the patented Swiss Water Process®.","DIRECTIONS:
• For best results, we recommend using your brewer's 8 oz brew setting
• For optimal freshness, store away from heat and cold","[{""Flavour"":""Other""},{""Product Type"":""Medium Roast""},{""Decaffeinated"":""Yes""},{""Singleserve"":""No""},{""Storage Type"":""Shelf""},{""Clearout Deal"":""No""},{""Lifestyle\/Dietary Need"":""No egg,No fish,No milk,No mustard,No sesame,No shellfish,No soy,No sulfite,No wheat,No lactose,No artificials,No added sugars,Paleo-friendly,Vegan-friendly,Vegetarian-friendly,Whole30-friendly""}]",https://i5.walmartimages.ca/images/Enlarge/081/086/6000201081086.jpg | https://i5.walmartimages.ca/images/Enlarge/558/840/6000199558840.jpg | https://i5.walmartimages.ca/images/Enlarge/558/841/6000199558841.jpg,3,Sold by Walmart,Arabica coffee decaffeinated by the Swiss Water® process.,"No egg,No fish,No milk,No mustard,No sesame,No shellfish,No soy,No sulfite,No wheat,No lactose,No artificials,No added sugars,Paleo-friendly,Vegan-friendly,Vegetarian-friendly,Whole30-friendly",Add to Cart; Find in Store,4.1,49,,
Walmart Canada,Drinks,Coffee,walmart.ca,https://www.walmart.ca/en/ip/tim-hortons-100-colombian-dark-medium-roast-fine-grind-coffee/6000196692517,,300 g,Walmart.ca > Household Supplies & Pantry > Drinks > Coffee > Ground Coffee,Tim Hortons,Tim Hortons 100% Colombian Dark Medium Roast Fine Grind Coffee,SKU:6000196692518,UPC:6320909592,ID:6000196692517,Walmart Item #:30255769,$7.84,,,,$2.61/100GR,"Roasted with care. Tim Hortons Colombian Coffee is made with 100% Arabica beans grown in the rich volcanic soils of Colombia, where the tropical climate and geography is ideal for growing coffee. This premium coffee is roasted with care to deliver a well-balanced, crisp flavor and smooth finish.",,"[{""Product Type"":""Medium Roast""},{""Decaffeinated"":""No""},{""Singleserve"":""No""},{""Storage Type"":""Shelf""},{""Clearout Deal"":""No""},{""Lifestyle\/Dietary Need"":""No egg,No fish,No milk,No mustard,No sesame,No shellfish,No soy,No sulfite,No wheat,No lactose,No artificials,No added sugars,Paleo-friendly,Vegan-friendly,Vegetarian-friendly,Whole30-friendly""}]",https://i5.walmartimages.ca/images/Enlarge/076/215/6000201076215.jpg,1,Sold by Walmart,Arabica coffee.,"No egg,No fish,No milk,No mustard,No sesame,No shellfish,No soy,No sulfite,No wheat,No lactose,No artificials,No added sugars,Paleo-friendly,Vegan-friendly,Vegetarian-friendly,Whole30-friendly",Add to Cart; Find in Store,5,1,,
Walmart Canada,Drinks,Coffee,walmart.ca,https://www.walmart.ca/en/ip/maxwell-house-colombian-coffee-100-compostable-pods/6000202633060,,"292g, 30 pods",Walmart.ca > Household Supplies & Pantry > Drinks > Coffee > Coffee Pods,Maxwell House,Maxwell House Colombian Coffee 100% Compostable Pods,SKU:6000202633061,UPC:6618800559,ID:6000202633060,Walmart Item #:31132374,$14.97,$12.97,,$Rollback,$4.44/100GR,"Maxwell House Medium Roast 100% Colombian coffee pods offers a decadent cup with complex aromas and rich flavours. The distinctive blend of fine Arabica beans with a velvety, rich and full-bodied taste is exceptionally smooth and is the perfect start to your day. Our coffee pods are 100% compostable and packaging is recyclable.","•One box of 292g of Maxwell House 100% Colombian Blend Coffee Compostable Pods (30 Pods)
•Made with 100% Arabica beans
•100% Colombian coffee beans
•100% compostable pods and bag with a recyclable box
•Aromatic and flavourful blend","[{""Product Type"":""Pods""},{""Decaffeinated"":""No""},{""Singleserve"":""Yes""},{""Storage Type"":""Shelf""},{""Clearout Deal"":""No""},{""Lifestyle\/Dietary Need"":""""}]",https://i5.walmartimages.ca/images/Enlarge/778/559/6000202778559.jpg | https://i5.walmartimages.ca/images/Enlarge/778/560/6000202778560.jpg | https://i5.walmartimages.ca/images/Enlarge/778/561/6000202778561.jpg | https://i5.walmartimages.ca/images/Enlarge/374/241/6000203374241.jpg | https://i5.walmartimages.ca/images/Enlarge/374/244/6000203374244.jpg | https://i5.walmartimages.ca/images/Enlarge/374/240/6000203374240.jpg | https://i5.walmartimages.ca/images/Enlarge/374/242/6000203374242.jpg,7,Sold by Walmart,100% Arabica Coffee.,,Add to Cart; Find in Store,4.2,105,,5
Walmart Canada,Drinks,Coffee,walmart.ca,https://www.walmart.ca/en/ip/keurig-timothys-colombian-la-vereda-medium-roast-recyclable-k-cup-pods/6000198502898,,12 K-Cup® Pods,Walmart.ca > Household Supplies & Pantry > Drinks > Coffee > Coffee Pods,Timothy’s,Keurig® Timothy’s® Colombian La Vereda Medium Roast Recyclable K-Cup® PODS,SKU:6000198502899,UPC:84211508955,ID:6000198502898,Walmart Item #:31575453,$7.97,,,,,"A Colombian coffee with intense fragrance and floral notes, distinctive fruity overtones. Discover Timothy's® Colombian La Vereda Coffee K-Cup® pods",,"[{""Product Type"":""Medium Roast""},{""Decaffeinated"":""No""},{""Singleserve"":""No""},{""Franchise"":""Timothy's""},{""Storage Type"":""Shelf""},{""Clearout Deal"":""No""},{""Lifestyle\/Dietary Need"":""No egg,No fish,No milk,No mustard,No sesame,No shellfish,No soy,No sulfite,No wheat,No lactose,No artificials,No added sugars,Paleo-friendly,Vegan-friendly,Vegetarian-friendly,Whole30-friendly""}]",https://i5.walmartimages.ca/images/Enlarge/635/010/6000199635010.jpg | https://i5.walmartimages.ca/images/Enlarge/279/041/6000200279041.jpg | https://i5.walmartimages.ca/images/Enlarge/279/022/6000200279022.jpg,3,Sold by Walmart,Coffee,"No egg,No fish,No milk,No mustard,No sesame,No shellfish,No soy,No sulfite,No wheat,No lactose,No artificials,No added sugars,Paleo-friendly,Vegan-friendly,Vegetarian-friendly,Whole30-friendly",Add to Cart; Find in Store,4.4,9,,
Walmart Canada,Drinks,Coffee,walmart.ca,https://www.walmart.ca/en/ip/our-finest-signature-blend-medium-roast-k-cup-coffee/6000192174609,,"12 K-Cup® pods, 114 g",Walmart.ca > Household Supplies & Pantry > Drinks > Coffee > Coffee Pods,Our Finest,Our Finest Signature Blend Medium Roast K Cup Coffee,SKU:6000192174610,UPC:62891516849,ID:6000192174609,Walmart Item #:30029271,$6.97,,,,$0.58/1EA,"Available in quick and convenient, single serve K-Cup® pods, Our Finest™ Signature Blend Coffee is a medium roast coffee made with 100% Arabica beans selected from Latin America. It's vibrant fruitiness with a lively acidity ensure each cup is smooth and perfectly exquisite.",,"[{""Flavour"":""House blend""},{""Product Type"":""Medium Roast""},{""Decaffeinated"":""No""},{""Singleserve"":""No""},{""Storage Type"":""Shelf""},{""Walmart Exclusive"":""Yes""},{""Clearout Deal"":""No""},{""Lifestyle\/Dietary Need"":""No artificials,Kosher,No added sugars,Paleo-friendly,Vegan-friendly,Vegetarian-friendly,Whole30-friendly""}]",https://i5.walmartimages.ca/images/Enlarge/516/849/999999-62891516849.jpg | https://i5.walmartimages.ca/images/Enlarge/279/103/6000200279103.jpg | https://i5.walmartimages.ca/images/Enlarge/314/892/6000200314892.jpg,3,Sold by Walmart,Coffee,"No artificials,Kosher,No added sugars,Paleo-friendly,Vegan-friendly,Vegetarian-friendly,Whole30-friendly",Add to Cart; Find in Store,3.8,12,,
Walmart Canada,Drinks,Coffee,walmart.ca,https://www.walmart.ca/en/ip/tim-hortons-french-vanilla-light-medium-roast-coffee/6000196692535,,"12 Servings, 120 g",Walmart.ca > Household Supplies & Pantry > Drinks > Coffee > Coffee Pods,Tim Hortons,Tim Hortons French Vanilla Light Medium Roast Coffee,SKU:6000196692536,UPC:6320909600,ID:6000196692535,Walmart Item #:30257020,$9.98,,,,$0.83/1EA,"Roasted with care. Tim Hortons French Vanilla Coffee is created from our own unique blend of 100% Arabica beans and a hint of French vanilla flavor. Selected from the world’s most renowned coffee growing regions, our beans are blended and roasted with care to deliver the consistent taste of Tim Hortons every time.",,"[{""Product Type"":""Flavoured""},{""Decaffeinated"":""No""},{""Singleserve"":""No""},{""Storage Type"":""Shelf""},{""Clearout Deal"":""No""},{""Lifestyle\/Dietary Need"":""No egg,No fish,No milk,No mustard,No sesame,No shellfish,No soy,No sulfite,No wheat,No lactose,No added sugars,Vegan-friendly,Vegetarian-friendly""}]",https://i5.walmartimages.ca/images/Enlarge/081/099/6000201081099.jpg | https://i5.walmartimages.ca/images/Enlarge/559/064/6000199559064.jpg | https://i5.walmartimages.ca/images/Enlarge/559/065/6000199559065.jpg,3,Sold by Walmart,"Arabica coffee, Artificial flavours.","No egg,No fish,No milk,No mustard,No sesame,No shellfish,No soy,No sulfite,No wheat,No lactose,No added sugars,Vegan-friendly,Vegetarian-friendly",Add to Cart; Find in Store,4.3,71,,
Walmart Canada,Drinks,Coffee,walmart.ca,https://www.walmart.ca/en/ip/mr-brown-canned-blue-mountain-iced-coffee/6000188761277,,240 ml,Walmart.ca > Household Supplies & Pantry > Drinks > Coffee > Instant Coffee,Mr. Brown,Mr. Brown Canned Blue Mountain Iced Coffee,SKU:6000188761278,UPC:2561620250,ID:6000188761277,Walmart Item #:9240244,$1.17,,,,$0.49/100ML,"Mr. Brown's coffee brews have a rich, deep flavour consistent with that of a medium roast. With sugar and milk already added, this coffee can be enjoyed at any time.",,"[{""Product Type"":""Medium Roast""},{""Decaffeinated"":""No""},{""Singleserve"":""Yes""},{""International Foods"":""Chinese""},{""Clearout Deal"":""No""},{""Lifestyle\/Dietary Need"":""No egg,No fish,No mustard,No sesame,No shellfish,No sulfite,No wheat,No artificials,Vegetarian-friendly""}]",https://i5.walmartimages.ca/images/Enlarge/202/501/999999-25616202501.jpg | https://i5.walmartimages.ca/images/Enlarge/250/1_1/999999-25616202501_1.jpg | https://i5.walmartimages.ca/images/Enlarge/250/1_2/999999-25616202501_2.jpg | https://i5.walmartimages.ca/images/Enlarge/250/1_2/999999-25616202501_2.jpg,4,Sold by Walmart,"water, coffee extract, sugar, milk powder, soy lecithin(E322).","No egg,No fish,No mustard,No sesame,No shellfish,No sulfite,No wheat,No artificials,Vegetarian-friendly",Add to Cart; Find in Store,3.9,21,,
Walmart Canada,Drinks,Coffee,walmart.ca,https://www.walmart.ca/en/ip/tassimo-maxwell-house-variety-pack/6000192174744,,"249g, 30 T-Discs",Walmart.ca > Household Supplies & Pantry > Drinks > Coffee > Coffee Pods,Tassimo,Tassimo Maxwell House Variety Pack,SKU:6000192174745,UPC:6618800328,ID:6000192174744,Walmart Item #:30145789,$15.97,$12.97,,$Rollback,$0.43/1EA,"Tassimo Maxwell House Variety Pack comes with 30 T-Discs; 14 Maxwell House Morning Blend T-Discs and 16 Maxwell House House Blend T-Discs. Say good morning with the coffee that’s Good to the Last Drop, one cup at a time. These Maxwell House T-Discs are compatible in all Tassimo brewing systems.","•One 249G box of Tassimo Maxwell House Coffee Variety Pack T-Discs (30 t-discs)
•14 Maxwell House Morning Blend T-Discs & 16 Maxwell House House Blend T-Discs
•Each T-Disc makes one 8 fl oz/236 ml cup of coffee
•T-Discs compatible with Tassimo brewers
•Maxwell House Coffee: Good to the Last Drop","[{""Flavour"":""Assorted""},{""Product Type"":""Pods""},{""Decaffeinated"":""No""},{""Singleserve"":""Yes""},{""Storage Type"":""Shelf""},{""Clearout Deal"":""No""},{""Lifestyle\/Dietary Need"":""N\/A""}]",https://i5.walmartimages.ca/images/Enlarge/003/288/999999-00066188003288.jpg | https://i5.walmartimages.ca/images/Enlarge/328/8_2/999999-00066188003288_2.jpg | https://i5.walmartimages.ca/images/Enlarge/328/8_1/999999-00066188003288_1.jpg,3,Sold by Walmart,MAXWELL HOUSE HOUSE BLEND: INGREDIENT: 100% ARABICA COFFEE.MAXWELL HOUSE MORNING BLEND: INGREDIENT: 100% ARABICA COFFEE.,N/A,Add to Cart; Find in Store,4.5,165,,8
Walmart Canada,Drinks,Coffee,walmart.ca,https://www.walmart.ca/en/ip/tassimo-nabob-latte-coffee-single-serve-t-discs/6000196720828,,"262g, 8 T-Discs",Walmart.ca > Household Supplies & Pantry > Drinks > Coffee > Coffee Pods,Tassimo,Tassimo Nabob Latte Coffee Single Serve T-Discs,SKU:6000196720829,UPC:6020000189,ID:6000196720828,Walmart Item #:31325366,$8.27,,,,$3.14/100GR,"With Tassimo Nabob Latte Coffee T-Discs you can now enjoy an authentic café quality latte at home. By combining dark, intense tasting Nabob espresso with the rich, velvety texture of creamy steamed milk, this delicious latte can be made in your Tassimo brewing system in just two steps.","• One 263G bag of Tassimo Nabob Latte Coffee T-Discs (8 total latte drinks)
• Makes 9 fl oz/260 ml hot latte
• T-Discs are compatible with Tassimo brewers
• Enjoy an authentic café quality latte at home","[{""Product Type"":""Pods""},{""Decaffeinated"":""No""},{""Singleserve"":""Yes""},{""Storage Type"":""Shelf""},{""Clearout Deal"":""No""},{""Lifestyle\/Dietary Need"":""No egg,No fish,No mustard,No sesame,No shellfish,No soy,No sulfite,No wheat,No artificials,Vegetarian-friendly""}]",https://i5.walmartimages.ca/images/Enlarge/001/894/999999-00060200001894.jpg | https://i5.walmartimages.ca/images/Enlarge/285/663/6000200285663.jpg | https://i5.walmartimages.ca/images/Enlarge/285/721/6000200285721.jpg | https://i5.walmartimages.ca/images/Enlarge/285/685/6000200285685.jpg | https://i5.walmartimages.ca/images/Enlarge/761/033/6000200761033.jpg | https://i5.walmartimages.ca/images/Enlarge/761/033/6000200761033.jpg,6,Sold by Walmart,"INGREDIENTS: CONCENTRATED MILK, ROAST AND GROUND ARABICA COFFEE, SUGAR, WATER, SALT, SODIUM PHOSPHATE.","No egg,No fish,No mustard,No sesame,No shellfish,No soy,No sulfite,No wheat,No artificials,Vegetarian-friendly",Add to Cart; Find in Store,4.5,165,,8
Walmart Canada,Drinks,Coffee,walmart.ca,https://www.walmart.ca/en/ip/nabob-sumatra-ground-coffee/6000196720863,,300g,Walmart.ca > Household Supplies & Pantry > Drinks > Coffee > Ground Coffee,Nabob,Nabob Sumatra Ground Coffee,SKU:6000196720864,UPC:6020000182,ID:6000196720863,Walmart Item #:31325377,$6.47,,,,$2.16/100GR,"This roast smolders with the wild and exotic attributes of its origins. Each earthy, full-bodied cup takes adventure head on, bringing you along with it. Prepare to be whisked away on a journey to the Sumatra Island in Western Indonesia.","•One bag of Nabob Sumatra Ground Coffee (300g)
•Made with 100% Arabica beans
•Nabob Coffee is Rainforest Certified
•Expertly roasted for an incredibly smooth taste
•Kosher Certified","[{""Product Type"":""Ground""},{""Decaffeinated"":""No""},{""Singleserve"":""No""},{""Storage Type"":""Shelf""},{""Clearout Deal"":""No""},{""Lifestyle\/Dietary Need"":""No egg,No fish,No milk,No mustard,No sesame,No shellfish,No soy,No sulfite,No wheat,No lactose,No artificials,No added sugars,Paleo-friendly,Vegan-friendly,Vegetarian-friendly,Whole30-friendly""}]",https://i5.walmartimages.ca/images/Enlarge/276/735/6000199276735.jpg | https://i5.walmartimages.ca/images/Enlarge/552/579/6000200552579.jpg | https://i5.walmartimages.ca/images/Enlarge/552/580/6000200552580.jpg | https://i5.walmartimages.ca/images/Enlarge/788/890/6000200788890.jpg | https://i5.walmartimages.ca/images/Enlarge/316/649/6000202316649.jpg | https://i5.walmartimages.ca/images/Enlarge/316/648/6000202316648.jpg | https://i5.walmartimages.ca/images/Enlarge/316/652/6000202316652.jpg,7,Sold by Walmart,INGREDIENTS: 100% ARABICA COFFEE.,"No egg,No fish,No milk,No mustard,No sesame,No shellfish,No soy,No sulfite,No wheat,No lactose,No artificials,No added sugars,Paleo-friendly,Vegan-friendly,Vegetarian-friendly,Whole30-friendly",Add to Cart; Find in Store,4,39,,8
Walmart Canada,Drinks,Coffee,walmart.ca,https://www.walmart.ca/en/ip/tassimo-nabob-espresso-single-serve-t-discs/6000045061016,,14 T-Discs,Walmart.ca > Household Supplies & Pantry > Drinks > Coffee > Coffee Pods,Tassimo,Tassimo Nabob Espresso Single Serve T-Discs,SKU:10138886,UPC:6020000108,ID:6000045061016,Walmart Item #:30305675,$8.27,,,,$0.59/1EA,"With Tassimo Nabob Espresso Coffee T-Discs you can now enjoy an authentic café quality espresso at home. Nabob Espresso is a classic espresso with an intense, velvety flavour and a dark, lingering finish sealed with a smooth layer of crema.","• One 110G bag of Tassimo Nabob Espresso T-Discs (14 t-discs)
• Each T-Disc makes one 2 fl oz/55 ml café quality espresso
• Extra bold roast coffee
• Nabob Coffee is Rainforest Alliance Certified","[{""Flavour"":""Espresso""},{""Product Type"":""Pods""},{""Decaffeinated"":""No""},{""Singleserve"":""Yes""},{""Storage Type"":""Shelf""},{""Clearout Deal"":""No""},{""Lifestyle\/Dietary Need"":""No egg,No fish,No milk,No mustard,No sesame,No shellfish,No soy,No sulfite,No wheat,No lactose,No artificials,Kosher,No added sugars,Paleo-friendly,Vegan-friendly,Vegetarian-friendly,Whole30-friendly""}]",https://i5.walmartimages.ca/images/Enlarge/987/000/987000.jpg | https://i5.walmartimages.ca/images/Enlarge/285/641/6000200285641.jpg | https://i5.walmartimages.ca/images/Enlarge/285/734/6000200285734.jpg | https://i5.walmartimages.ca/images/Enlarge/285/687/6000200285687.jpg,4,Sold by Walmart,INGREDIENT: 100% ARABICA COFFEE.,"No egg,No fish,No milk,No mustard,No sesame,No shellfish,No soy,No sulfite,No wheat,No lactose,No artificials,Kosher,No added sugars,Paleo-friendly,Vegan-friendly,Vegetarian-friendly,Whole30-friendly",Add to Cart; Find in Store,4.5,165,,8
Walmart Canada,Drinks,Coffee,walmart.ca,https://www.walmart.ca/en/ip/our-finest-100-colombian-medium-roast-coffee/6000199418239,,"30 K-Cup® pods, 276 g",Walmart.ca > Household Supplies & Pantry > Drinks > Coffee > Coffee Pods,Our Finest,Our Finest 100% Colombian Medium Roast Coffee,SKU:6000199418240,UPC:62891582805,ID:6000199418239,Walmart Item #:30378865,$13.97,,,,,"Our Finest™ Colombian Coffee is made from expertly grown, picked and roasted 100% Arabica beans from the finest growing regions in Colombia. Delightfully aromatic, this coffee has a mellow, well-balanced flavour and smooth finish.","•100% arabica coffee
•Certified Keurig","[{""Product Type"":""Medium Roast""},{""Decaffeinated"":""No""},{""Storage Type"":""Shelf""},{""Walmart Exclusive"":""Yes""},{""Lifestyle\/Dietary Need"":""""}]",https://i5.walmartimages.ca/images/Enlarge/769/745/6000199769745.jpg | https://i5.walmartimages.ca/images/Enlarge/769/756/6000199769756.jpg | https://i5.walmartimages.ca/images/Enlarge/315/006/6000200315006.jpg | https://i5.walmartimages.ca/images/Enlarge/315/010/6000200315010.jpg,4,Sold by Walmart,Arabica coffee.,,Add to Cart; Find in Store,2.3,3,,
Walmart Canada,Drinks,Coffee,walmart.ca,https://www.walmart.ca/en/ip/our-finest-french-vanilla-k-cup-coffee/6000194959534,,"12 K-Cup® pods, 114 g",Walmart.ca > Household Supplies & Pantry > Drinks > Coffee > Coffee Pods,Our Finest,Our Finest French Vanilla K-Cup Coffee,SKU:6000194959535,UPC:62891522469,ID:6000194959534,Walmart Item #:30096610,$6.97,,,,$0.58/1EA,"Available in quick and convenient, single serve K-Cup® pods, Our Finest™ French Vanilla Flavoured Coffee is a light roast coffee enhanced with floral vanilla and nuances of sweet cream. Naturally flavoured and made from 100% Arabica beans, each cup is perfectly exquisite.",,"[{""Product Type"":""Flavoured""},{""Decaffeinated"":""No""},{""Singleserve"":""No""},{""Storage Type"":""Shelf""},{""Walmart Exclusive"":""Yes""},{""Clearout Deal"":""No""},{""Lifestyle\/Dietary Need"":""No artificials,Kosher,No added sugars,Paleo-friendly,Vegan-friendly,Vegetarian-friendly,Whole30-friendly""}]",https://i5.walmartimages.ca/images/Enlarge/665/325/6000196665325.jpg | https://i5.walmartimages.ca/images/Enlarge/279/025/6000200279025.jpg | https://i5.walmartimages.ca/images/Enlarge/314/921/6000200314921.jpg | https://i5.walmartimages.ca/images/Enlarge/314/928/6000200314928.jpg,4,Sold by Walmart,"Arabica coffee, flavour.","No artificials,Kosher,No added sugars,Paleo-friendly,Vegan-friendly,Vegetarian-friendly,Whole30-friendly",Add to Cart; Find in Store,5,1,,
Walmart Canada,Drinks,Coffee,walmart.ca,https://www.walmart.ca/en/ip/mccaf-premium-roast-whole-beans-900g/6000201730542,,900g,Walmart.ca > Household Supplies & Pantry > Drinks > Coffee > Coffee Pods,McCafe,"McCafé® Premium Roast Whole Beans, 900g",SKU:6000201730543,UPC:66344760823,ID:6000201730542,Walmart Item #:30038405,$18.97,,,,$2.11/100GR,"McCafé® Premium Roast Whole Bean Coffee is made with 100% ethically sourced Arabica beans from Rainforest Alliance Certified™ farms. We’re supporting farmers so their communities, and the rainforests around them, can prosper for generations to come.","- Made with 100% ethically sourced Arabica beans
- Rainforest Alliance Certified™
- Traditionally fire-roasted for a rich, delicious full-bodied flavour","[{""Product Type"":""Dark Roast""},{""Decaffeinated"":""No""},{""Storage Type"":""Shelf""},{""Clearout Deal"":""No""},{""Lifestyle\/Dietary Need"":""No egg,No fish,No milk,No mustard,No sesame,No shellfish,No soy,No sulfite,No wheat,No lactose,No artificials,Kosher,No added sugars,Paleo-friendly,Vegan-friendly,Vegetarian-friendly,Whole30-friendly""}]",https://i5.walmartimages.ca/images/Enlarge/189/805/6000202189805.jpg,1,Sold by Walmart,Arabica coffee.,"No egg,No fish,No milk,No mustard,No sesame,No shellfish,No soy,No sulfite,No wheat,No lactose,No artificials,Kosher,No added sugars,Paleo-friendly,Vegan-friendly,Vegetarian-friendly,Whole30-friendly",Add to Cart; Find in Store,5,1,,
